2956 4950
633 368 846 430 ..25-

280 535 421 602 Tandem
443 537 526 601 enim
548 535 589 600 ad
613 537 753 602 certiora
771 537 942 601 veniemus.
987 536 1069 602 Nam
1086 538 1307 623 compluribus

174 647 255 713 locis
277 647 339 712 etsi
360 647 474 731 paucis
501 646 707 721 Marcellinus
729 652 842 731 aperte
864 653 963 732 atque
994 648 1134 715 dilucide
1163 648 1208 715 de
1234 649 1306 715 ds-

176 781 286 826 orum
308 763 458 824 natura
480 780 564 842 quae
585 758 707 824 iudicet
732 758 886 843 loquitur.
930 760 1034 845 Atque
1056 761 1195 845 primum
1217 761 1314 835 vide.

176 892 247 936 mus
270 886 341 935 eum
364 870 527 936 studuisse
550 871 676 935 ratione
703 870 844 936 naturali
873 873 1027 958 mysteria
1048 872 1105 938 illa
1126 877 1236 939 vetera
1254 873 1305 939 iu·

175 983 368 1068 terpretari:

277 1094 370 1161 XXII
388 1101 417 1162 9.
441 1099 479 1161 15
502 1099 664 1161 ‘evenerat
686 1099 795 1161 autem
815 1095 919 1162 isdem
940 1094 1055 1162 diebus
1074 1117 1181 1161 annuo
1204 1117 1304 1164 cursu

175 1207 334 1293 completo
357 1207 490 1273 Adonea
511 1206 596 1273 ritu
617 1206 749 1272 veteri
771 1206 946 1286 celebrari,
975 1213 1083 1273 amato
1106 1208 1240 1274 Veneris
1262 1215 1303 1275 ut

173 1318 343 1387 fabulae
364 1320 502 1404 fingunt,
525 1319 597 1404 apri
619 1318 715 1385 dente
736 1318 830 1386 ferali
852 1319 976 1400 deleto,
1006 1317 1164 1405 quodin
1188 1319 1303 1386 adulto

173 1431 253 1497 flore
276 1436 482 1497 sectarum
503 1435 564 1497 est
585 1430 786 1498 indicium
807 1430 986 1516 frugum’.

275 1543 349 1608 Noli
370 1542 541 1627 neglegere
564 1543 761 1609 contrarium
783 1542 870 1627 quod
896 1549 947 1609 est
965 1543 1051 1610 inter
1072 1543 1129 1609 illa
1150 1544 1224 1611 ‘ritu
1246 1567 1304 1610 re·

173 1656 245 1722 teri’
266 1654 480 1740 ‘fabulaeque’
503 1659 536 1720 et
558 1654 740 1722 indicium.

274 1767 398 1834 Eodem
419 1767 488 1834 fere
511 1767 606 1834 modo
629 1766 709 1833 dicit

275 1880 352 1944 XIX
377 1885 404 1944 l.
430 1884 465 1944 ll
499 1885 516 1945 ‘.
530 1928 558 1945 ..
588 1883 626 1945 ut
655 1878 828 1945 lacrimare
857 1879 1007 1945 cultrices
1039 1880 1173 1946 Veneris
1203 1901 1302 1967 saepe

173 1996 363 2076 spectantur
383 1991 417 2056 in
438 1990 635 2058 solemnibus
660 1990 815 2058 Adonidis
837 1992 953 2071 sacris,
983 1991 1069 2075 quod
1092 1992 1302 2074 simulacrum

173 2104 306 2189 aliquod
328 2124 399 2170 esse
428 2103 557 2188 frugum
582 2103 769 2171 adulterum
796 2103 968 2188 religiones
989 2104 1144 2190 mysticas
1166 2103 1304 2172 docent’.

275 2215 410 2296 Quaerit
430 2215 530 2299 igitur
551 2215 759 2295 Marcellinus
779 2216 863 2283 ritus
885 2216 1011 2297 veteris,
1039 2215 1224 2282 fabularum
1248 2239 1303 2283 ve·

171 2334 277 2394 terum
289 2327 437 2407 ‘indicia’,
452 2327 644 2394 ‘simulacra'
655 2328 775 2412 eliqua,
790 2349 874 2413 quae
890 2320 1013 2397 invenit
1026 2329 1113 2414 apud
1128 2328 1301 2414 religiones

173 2441 326 2527 mysticas
346 2441 367 2507 i.
384 2460 410 2505 e.
433 2439 521 2525 apud
541 2439 758 2526 philosophos.

274 2552 382 2618 Etiam
405 2572 489 2636 quae
510 2551 590 2618 dicit
609 2553 649 2618 de
668 2551 799 2634 Cadmo,
824 2558 922 2638 atque
938 2552 1052 2619 mediis
1074 2553 1108 2619 in
1123 2552 1220 2620 rebus
1243 2555 1303 2620 mi·

171 2664 323 2733 litoribus
345 2664 533 2745 narrandis,
563 2664 671 2749 magni
700 2665 854 2732 momenti
886 2669 975 2746 sunt:
1003 2663 1079 2731 XIX
1101 2670 1129 2731 8.
1155 2671 1194 2731 10
1216 2673 1303 2732 ‘ecoe

173 2782 282 2842 autem
312 2777 491 2843 Romanum
523 2798 637 2862 agmen
668 2799 741 2844 oum
768 2776 974 2862 equestribus
1003 2777 1103 2861 signis
1132 2776 1302 2844 disiectum

39 2945 51 2970 ,
173 2890 296 2955 eminus
319 2890 494 2971 cernimus,
526 2889 612 2975 quod
643 2888 901 2974 persequebatur
922 2888 1095 2955 multitudo
1117 2889 1302 2970 Persarum,

171 3003 330 3069 incertum
364 3002 450 3069 unde
484 3003 607 3088 impetu
641 3008 709 3069 tam
742 3001 920 3086 repentino·
946 3008 1040 3086 terga
1070 3002 1214 3069 viantum
1244 3001 1302 3067 ad·

173 3135 293 3198 gressa.
343 3117 362 3201 ξ
390 3120 426 3180 ll
463 3135 526 3199 quc
546 3114 703 3199 'exemplo
731 3113 912 3198 terrigenas
940 3113 1013 3179 illos
1042 3135 1118 3180 non
1140 3113 1302 3181 sinibus

171 3231 312 3293 terrae
335 3247 514 3294 emersos
546 3226 615 3293 sed
653 3225 844 3292 exuberanti
874 3225 1066 3309 pernicitate
1096 3224 1303 3293 credimus

172 3343 266 3404 natos
289 3339 344 3424 qui
367 3339 518 3422 quoniam
539 3339 661 3424 inopini
683 3359 742 3423 per
763 3337 854 3404 varia
866 3337 1063 3419 visebantur,
1084 3355 1223 3424 canoros
1246 3359 1301 3404 vc·

172 3451 264 3516 citati
286 3451 384 3517 humo
407 3451 574 3532 exiluisse,
604 3454 815 3518 vetustate
843 3455 880 3517 ut
903 3454 1012 3516 cetera
1032 3449 1211 3517 fabulosius
1234 3471 1302 3515 ex·

172 3562 367 3644 tollente,
387 3568 463 3630 sunt
483 3562 665 3630 aestimati’.

275 3677 433 3756 Quoniam
462 3677 511 3742 ita
547 3675 587 3741 de
616 3675 780 3742 miraculis
807 3675 953 3756 dubitat,
988 3696 1029 3740 ne
1057 3675 1140 3741 alius
1171 3674 1302 3758 quidem

170 3786 262 3854 locus
284 3788 416 3872 quidam
438 3787 632 3854 verbotenus
654 3792 763 3873 potest
784 3788 943 3873 intellegi:
972 3787 1077 3852 XXIV
1099 3794 1128 3853 4.
1153 3793 1193 3852 24
1224 3788 1301 3852 ‘exi-

172 3900 366 3967 stimabatur
388 3900 476 3967 Mars
498 3901 567 3986 ipse
591 3938 631 3949 —
655 3901 683 3966 si
705 3901 834 3966 misceri
850 3900 1033 3967 homiuibus
1048 3900 1180 3966 numina
1202 3900 1300 3964 maie·

172 4013 267 4080 statis
295 4013 368 4078 iura
397 4013 589 4098 permittunt
617 4011 820 4078 -adfuisse
849 4018 957 4078 casua
984 4011 1187 4078 Lucanorum
1212 4012 1301 4078 inva-

172 4124 261 4191 denti
282 4111 430 4205 Luscino,
451 4125 578 4209 hocque
606 4124 679 4191 ideo
700 4124 859 4191 creditum
881 4130 939 4204 est,
962 4124 1049 4209 quod
1071 4124 1106 4189 in
1127 4144 1302 4207 congressu

173 4287 230 4323 ...,
251 4236 410 4328 postridie
436 4258 509 4306 cum
536 4242 760 4305 recenseretur
782 4237 958 4315 exercitus,
988 4236 1164 4323 praecipuo
1193 4236 1300 4303 studio
