2956 4950
635 412 848 476 ..20-

178 590 205 650 3.
227 591 245 652 5
266 591 312 649 ‘ut
334 584 465 668 dignum
490 590 539 649 est
562 583 719 665 credere'·;
752 584 854 649 maior
877 584 924 648 vis
946 589 995 648 est
1010 583 1203 664 tribuende3
1227 605 1304 666 ergo

177 719 217 763 ne
239 697 333 762 ‘Irim'
356 696 485 780 quidem
508 702 565 761 out
587 696 767 762 ‘Iustitiam'
790 696 830 760 de
862 696 951 761 caelo
977 696 1173 761 descendere
1197 702 1305 781 potest

177 809 352 875 credidisse
375 811 460 892 (cum
483 808 576 872 XXII
593 813 621 873 2.
642 815 662 874 4
685 814 860 892 ‘tamquam
883 808 1056 873 demissum
1079 809 1118 873 de
1142 808 1240 873 caelo'
1264 808 1302 873 cf.

177 922 234 988 XV
258 927 287 986 8.
311 923 344 1005 2)
373 921 535 986 ‘salutaris
555 920 693 1003 genins';
724 920 817 986 XXII
842 926 889 985 10.
913 925 932 984 6
965 925 1072 985 exstat
1095 921 1233 985 ‘lustitia

175 1035 207 1099 in
231 1033 374 1113 caelum'‚
406 1032 493 1116 quod
514 1032 646 1097 maximi
672 1032 826 1097 momenti
855 1037 905 1096 est
935 1031 977 1096 ad
999 1031 1241 1097 diiudicandum
1264 1031 1304 1096 de

176 1145 248 1211 aliis
269 1145 349 1209 locis
373 1144 429 1210 ubi
449 1144 597 1209 similiter
618 1143 780 1209 Iustitiam
805 1149 952 1227 egentem
976 1143 1069 1223 facit,
1101 1150 1137 1208 ut
1159 1144 1251 1208 XXII
1276 1150 1302 1208 3.

178 1265 212 1340 73
237 1257 373 1322 XXVIII
396 1262 423 1322 6.
450 1262 477 1336 1,
503 1262 535 1321 et
557 1257 754 1340 saepissime,
777 1256 833 1321 sed
858 1277 928 1321 cum
953 1256 986 1320 id
1007 1261 1135 1335 narrat,
1159 1263 1216 1321 aut
1237 1263 1303 1321 tra-

176 1371 329 1435 ditionem
360 1374 417 1433 aut
442 1369 613 1434 verborum
635 1390 727 1433 usum
758 1373 925 1453 poetarum
952 1374 1081 1433 secutus
1111 1374 1174 1449 est;
1210 1373 1305 1433 sunt

176 1482 301 1547 verba
328 1481 528 1546 eiusmodi
551 1483 601 1566 (ut
623 1481 751 1546 Cautius
773 1480 852 1545 dicit
873 1503 902 1564 p.
927 1481 982 1564 26)
1015 1479 1181 1563 figurae
1212 1486 1303 1544 tan·

175 1599 256 1659 tum
280 1593 478 1677 quaedam
502 1593 675 1658 dicendi.

276 1707 391 1789 Itaque
414 1706 565 1789 quoniam
588 1705 856 1771 demonstravisse
879 1705 972 1770 nobis
996 1703 1141 1770 videmur
1164 1706 1303 1771 Ammia-

175 1842 251 1885 nnm
273 1841 336 1885 non
360 1820 467 1883 omnia
489 1838 573 1901 quae
595 1817 732 1882 tradidit
747 1808 931 1896 credidisse,
953 1817 1081 1882 facilius
1101 1818 1166 1882 iam
1190 1819 1304 1901 quaeri

175 1952 269 2015 posse
291 1936 456 2015 putamus,
489 1952 565 1995 num
587 1935 676 1995 recte
707 1929 826 1994 dixerit
854 1929 1059 2001 Schwabius:
1083 1930 1240 1994 ‘Ammian
1261 1931 1305 1995 ist

177 2043 423 2108 entschiedener
438 2042 634 2127 Polytheist'.
680 2044 785 2124 Atque
806 2041 848 2105 ad
871 2040 955 2105 hanc
976 2042 1197 2123 quaestionem
1221 2041 1303 2107 diiu-

175 2155 346 2221 dicandam
369 2175 410 2219 ne
433 2155 504 2239 quis
527 2155 640 2219 timeat
661 2174 701 2218 ne
724 2175 819 2236 quem
842 2153 946 2219 locum
969 2152 1213 2235 neglexerimus,
1236 2174 1302 2218 om-

174 2289 230 2332 nes
261 2267 390 2351 quidem
421 2264 608 2346 afferemus,
639 2259 687 2331 ita
715 2266 844 2348 quidem
873 2271 910 2330 nt
938 2285 992 2330 cos
1022 2285 1062 2329 ex
1083 2265 1200 2347 quibus
1223 2265 1301 2330 nihil

175 2380 284 2462 colligi
306 2379 391 2458 licet,
408 2384 533 2444 tantum
551 2383 838 2444 commemorantes
861 2378 1024 2461 graviores
1046 2382 1161 2460 postea
1181 2378 1303 2443 maiore

173 2492 342 2574 diligentia
363 2496 613 2574 perscrutemur.

236 2679 244 2695 ο
277 2602 413 2686 Saepius
436 2608 550 2668 narrat
572 2600 778 2667 Marcellinus
801 2601 878 2666 deos
901 2601 1087 2666 aRomanis
1106 2601 1303 2667 exercitibus

173 2715 223 2780 vel
246 2737 266 2779 a
287 2715 412 2780 Iuliano
435 2715 573 2798 aliisque
597 2735 666 2780 esse
689 2713 842 2779 adoratos
864 2718 963 2797 atque
988 2713 1165 2793 consultos,
1193 2734 1232 2778 ex
1255 2735 1301 2796 gr.

173 2827 247 2892 XIX
274 2832 322 2891 12.
345 2833 363 2891 3
387 2832 459 2891 et't
490 2827 553 2892 ‘hic
580 2827 682 2892 Besae
709 2827 762 2891 dei
789 2826 936 2891 localiter
959 2825 1113 2910 adpellati
1135 2826 1301 2891 oraculum

173 2939 336 3022 quondam
359 2939 470 3004 lutura
498 2939 664 3023 pandebat
763 2944 796 3003 et
824 2939 975 3022 quoniam
998 2938 1127 3021 quidem
1149 2959 1300 3022 praesen·

171 3056 240 3131 tes,
272 3072 349 3135 pars
371 3072 430 3134 per
452 3051 533 3117 alios
626 3051 774 3117 consulta
794 3051 959 3116 numinum
989 3051 1191 3116 scitabantur
1214 3052 1302 3129 etc.';

171 3163 273 3228 refert
295 3164 379 3228 enim
402 3142 589 3229 Ammianus
611 3163 821 3229 ‘occasionem
854 3163 948 3228 vilem
969 3168 1011 3230 ,et
1040 3183 1173 3245 parvam
1203 3184 1299 3246 quaer

172 3277 312 3341 stionum
333 3276 367 3339 in
396 3275 556 3341 infinitum
586 3274 870 3341 extendendarum’
901 3280 999 3358 atque
1015 3281 1136 3340 'rerum
1166 3297 1299 3341 narran-

171 3388 286 3453 darum
309 3387 421 3453 ordine
444 3395 575 3453 coactus
599 3394 648 3453 est
669 3387 764 3453 deum
787 3388 903 3452 Besam
926 3408 1184 3453 commemorare.
1229 3388 1300 3453 Non

171 3500 274 3565 solum
304 3506 413 3565 autom
441 3500 595 3566 iudicium
631 3499 754 3565 nullum
783 3500 890 3579 addit,
927 3500 984 3566 sed
1013 3501 1110 3566 etiam
1139 3521 1176 3565 eo
1205 3500 1301 3565 modo

171 3611 364 3696 (adpellati')
395 3618 523 3692 narrat,
553 3619 590 3679 ut
619 3634 691 3679 eum
721 3613 837 3679 Besam
867 3634 931 3678 non
957 3613 1094 3679 coluisse
1124 3613 1219 3678 facila
1247 3634 1300 3677 co-

141 3799 144 3804 ,
171 3744 370 3806 gnosoamus.
416 3724 559 3790 Haerere
589 3730 696 3791 tamen
729 3746 899 3808 possumus
928 3725 961 3789 in
989 3725 1160 3790 hocloco:
1194 3725 1300 3789 XXIV

172 3841 200 3901 8.
217 3842 237 3900 4
259 3835 417 3900 ‘consulta
433 3837 617 3902 numinum
637 3837 870 3917 scitabamnr‚
886 3841 995 3903 utrum
1017 3887 1040 3902 ..
1054 3837 1080 3902 .'.
1104 3837 1200 3902 Putet
1215 3839 1299 3901 enim

171 3948 341 4032 quispiam,
362 3948 448 4030 quod
470 3948 676 4015 Marcellinus
698 3949 787 4014 dicat
817 3957 884 4015 ‘nos
905 3949 1121 4029 scitabamnr',
1144 3949 1205 4014 hoc
1227 3949 1300 4013 loco

172 4081 244 4124 enm
267 4080 301 4124 se
316 4059 470 4124 cultorem
488 4059 620 4125 deorum
635 4068 813 4146 praestare.
858 4061 977 4125 I‘amen
993 4062 1041 4124 ita
1059 4081 1111 4124 res
1134 4060 1299 4126 sehabet:

171 4173 358 4236 Ammianus
382 4171 444 4235 fuit
467 4192 539 4236 cum
570 4174 714 4238 exercitu
736 4174 867 4246 Iuliani,
899 4173 953 4256 qni
978 4192 998 4236 a
1019 4171 1144 4235 Iuliano
1168 4177 1300 4237 coactus

170 4283 319 4348 ‘numina'
341 4283 497 4348 adoravit.
541 4284 656 4366 Itaque
678 4285 756 4350 illud
769 4285 855 4350 “nos'
878 4305 941 4349 non
956 4283 1160 4349 referendum
1184 4289 1234 4348 est
1256 4285 1300 4349 ad
