2956 4950
632 421 847 481 „11-

173 597 331 659 remotum
358 610 436 656 essa.
480 588 557 653 Tria
583 586 760 672 opprobria
787 559 967 653 afferuntur
986 586 1189 652 inimieorum
1211 584 1297 651 eius:

173 703 271 790 ‘quod
297 701 394 769 altius
424 721 458 766 se
486 699 609 766 efferat’
639 700 670 786 (ᾗ
692 700 741 784 7);
769 698 858 783 quod
887 698 1066 765 ‘dicebatur
1091 697 1299 764 fatidicarum

174 816 309 884 sortium
329 812 442 906 fidem,
470 833 593 897 quaeve
618 810 792 895 augurales
819 810 1051 896 portenderent
1080 810 1174 876 alites
1197 809 1299 876 soien-

174 929 298 996 tissime
326 925 462 1007 callens,
492 923 685 1009 aliquotiens
716 923 916 1008 praedixisse
944 922 1081 1005 futura’3
1114 928 1221 1006 ‘super
1248 921 1299 987 his

173 1037 425 1107 intendebantur
454 1037 484 1103 ei
514 1036 579 1103 alia
600 1054 729 1121 quoqne
750 1057 771 1102 a
791 1035 958 1121 proposito
978 1035 1059 1120 legis
1081 1033 1300 1115 abhorrentis,

175 1153 228 1220 oui
249 1148 466 1237 praesidebat’
486 1149 518 1235 (ἓ
560 1152 582 1232 ).

276 1263 355 1331 Cum
378 1281 417 1327 ea
438 1259 614 1348 opprobria
642 1280 725 1344 quae
751 1259 847 1327 affert
866 1261 1053 1327 Ammianus
1074 1258 1143 1325 sine
1163 1258 1230 1324 ullo
1251 1258 1300 1324 iu·

174 1376 259 1443 dioio
281 1380 338 1442 aut
359 1373 568 1454 refutatione,
595 1377 665 1443 tum
682 1373 767 1438 ratio
789 1393 855 1457 qua
883 1373 923 1439 de
951 1371 1130 1438 Athanasio
1154 1371 1300 1455 loquitur

175 1490 234 1575 (A.
253 1488 438 1573 episcopum
460 1506 498 1551 eo
520 1490 666 1570 tempore
682 1485 768 1570 apud
783 1484 1013 1551 Alexandriam
1036 1534 1064 1550 ..
1086 1504 1205 1550 remor.
1224 1482 1301 1568 syn?

174 1594 255 1688 §³0
283 1603 473 1684 argumento
503 1597 681 1665 oertissimo
712 1597 806 1663 nobis
827 1601 902 1663 sunt
928 1595 1001 1663 fieri
1029 1618 1094 1662 non
1124 1617 1235 1681 posse,
1264 1598 1303 1660 ut

175 1712 363 1779 Ammianus
383 1710 475 1777 illum
494 1714 624 1776 seoutus
646 1709 704 1792 sit,
727 1710 804 1794 quin
829 1710 926 1777 etiam
949 1709 1107 1794 suspicari
1129 1726 1299 1794 possumus

175 1847 249 1892 eum
270 1823 434 1890 doctrinas
453 1821 540 1888 illius
560 1827 618 1888 sut
638 1823 693 1889 vix
713 1827 770 1888 aut
792 1822 920 1888 omnino
941 1843 1006 1888 non
1024 1822 1159 1888 novisse.
1248 1836 1252 1846 ·

278 1937 368 2017 Quae
390 1955 462 2001 oum
484 1934 531 2001 ita
553 1935 630 2016 sint,
660 1934 767 2002 lasere
796 1956 861 2001 non
888 1956 1059 2020 possumus
1088 1934 1165 2018 quin
1193 1933 1300 1998 looum

176 2050 253 2116 libri
281 2048 358 2114 XXI
384 2048 432 2113 ita
459 2048 725 2132 interpretemur:
756 2047 962 2114 Constantius
990 2048 1208 2132 vituperatur,
1237 2064 1301 2109 non

176 2161 262 2246 quod
283 2160 346 2227 fuit
367 2161 521 2240 Arianus,
550 2159 607 2225 sed
629 2159 716 2244 quod
735 2161 863 2226 omnino
890 2160 971 2227 haec
992 2158 1129 2226 dissidia
1149 2156 1302 2242 religiosa

176 2274 244 2341 ‘has
271 2294 325 2338 res
351 2294 415 2338 non
435 2273 647 2338 intemeratas
670 2272 803 2357 reliquit
829 2278 868 2339 ut
893 2272 1047 2358 repperit’
1077 2271 1133 2358 (of.
1155 2270 1248 2337 XXX
1268 2275 1298 2338 9.

177 2389 219 2472 5).
262 2386 355 2453 Hane
376 2406 449 2451 oum
469 2384 662 2451 sententiam
683 2386 919 2470 acceperimus,
939 2385 1036 2452 faoile
1059 2405 1143 2469 quae
1165 2404 1302 2468 sequun-

177 2504 231 2564 tur
254 2497 354 2565 rerba
378 2495 617 2581 intellegamus:
646 2497 689 2563 ‘in
715 2518 781 2582 qua
801 2498 978 2565 scrutanda
997 2496 1183 2584 perplexius
1203 2517 1300 2580 quam

177 2609 398 2695 componenda
426 2609 556 2692 gravius
584 2610 738 2676 excitavit
771 2609 908 2676 discidia
934 2609 1093 2695 plurima’.
1142 2608 1303 2675 Ammiani

176 2723 261 2789 enim
288 2743 328 2788 ex
357 2722 517 2788 sententia
541 2721 696 2807 principis
727 2727 777 2789 est
799 2722 1004 2789 diversitates
1031 2722 1223 2807 religionum
1247 2742 1302 2787 ne·

176 2834 303 2919 glegere
332 2835 438 2920 (XXX
468 2841 496 2900 9.
524 2835 573 2919 5),
605 2853 661 2900 eos
688 2840 797 2901 autem
827 2836 882 2919 qni
912 2834 1057 2901 ‘discidia
1085 2833 1246 2914 exsitent',
1274 2833 1302 2899 si

176 2951 334 3031 oporteat,
356 2947 498 3031 graviter
519 2945 710 3031 opprimere.
752 2946 792 3013 Id
812 2953 922 3013 autem
944 2946 1150 3015 Constantius
1171 2945 1301 3013 minime

177 3063 356 3140 erraverat,
378 3079 481 3142 eaque
503 3059 544 3125 de
565 3079 665 3126 eausa
685 3061 896 3144 vituperatur.
1210 3134 1213 3143 ,

277 3172 378 3238 Reote
401 3170 543 3253 Cartius3
573 3171 839 3239 ‘Athanasianum
866 3192 931 3238 non
959 3172 1060 3238 fuisse
1080 3170 1302 3238 Marcellinum

176 3304 276 3369 supra
297 3282 451 3365 vidimus3
474 3283 502 3349 si
523 3284 677 3349 Arionem
699 3289 828 3350 seoutus
851 3289 937 3350 esset
958 3284 1151 3364 doctrinam,
1171 3304 1236 3349 non
1256 3283 1303 3348 vi-

175 3401 361 3481 tuperasset
376 3395 608 3463 Constantium.
651 3395 737 3476 Quid
755 3396 856 3480 igitur
872 3396 1007 3463 restati'
1029 3398 1074 3481 (p.
1088 3397 1152 3481 32).
1196 3395 1303 3478 Atque

176 3514 264 3576 oerte
285 3506 349 3574 illis
370 3509 436 3574 iam
457 3507 497 3573 de
520 3508 627 3575 oausis
648 3508 821 3577 verisimile
843 3513 894 3575 est
915 3529 991 3576 snm
1011 3529 1075 3574 non
1095 3507 1196 3575 tuisse
1218 3507 1302 3574 chri·

176 3621 326 3688 stianum.

277 3732 443 3800 Addamus
467 3753 552 3799 nune
573 3731 616 3799 ad
646 3752 685 3798 ea
714 3753 798 3817 quae
819 3734 885 3800 iam
906 3732 1099 3819 protulimus
1120 3731 1241 3798 iudicia
1263 3732 1303 3797 de

176 3845 384 3929 religione
413 3843 590 3910 christiana
618 3844 788 3911 nonnullos
815 3845 904 3912 looos
926 3845 1044 3929 quibus
1065 3845 1134 3929 agit
1155 3843 1197 3911 de
1218 3844 1303 3911 chri·

177 3958 290 4025 stianis
320 3962 353 4024 et
380 3958 415 4023 in
444 3957 628 4022 universum
656 3961 690 4022 et
719 3957 758 4022 de
788 3957 930 4041 siugulis.
979 3957 1115 4043 Saepius
1137 3956 1304 4023 aoerrimis

167 4070 361 4155 opprobriis
391 4089 446 4136 eos
472 4067 590 4135 sifioit:
624 4068 717 4135 XXII
745 4075 773 4136 5.
799 4076 839 4136 4:
871 4070 1028 4153 (Iulianus
1058 4074 1211 4154 expertus
1240 4069 1304 4152 est)

177 4182 292 4249 ‘nullas
332 4181 467 4248 infestas
508 4179 691 4251 hominibus
725 4179 848 4247 bestias
889 4187 927 4248 ut
968 4185 1043 4248 sunt
1079 4180 1142 4247 sibi
1186 4179 1304 4247 ferales

177 4294 323 4379 plerique
345 4293 612 4361 christianorum'.
656 4292 835 4379 Episoopos
857 4293 984 4361 duobus
1016 4293 1097 4361 loeis
1126 4293 1303 4381 vituperat:
