2956 4950
639 427 855 489 ..39-

176 596 284 655 utrum
308 592 457 658 Nemesin
480 615 515 659 re
538 616 615 660 vera
636 595 729 660 deam
753 616 793 658 an
809 594 997 678 qualitatem
1018 594 1180 678 quandam
1202 597 1305 661 numi·

175 703 225 768 nis
247 710 349 787 putet,
370 726 467 789 porro
487 712 596 772 utrum
617 707 760 786 Bellona,
783 706 909 787 Furiae,
932 705 1053 786 Manes,
1075 706 1185 788 Fama,
1207 707 1303 773 Iusti·

175 816 231 895 tia,
254 815 392 900 denique
414 819 558 884 Fortuna
578 840 614 884 re
635 841 712 885 vera
735 819 765 883 ei
787 818 851 882 sint
873 817 953 884 deae
978 819 1044 884 sive
1060 819 1155 903 genii,
1175 841 1226 900 an,
1247 819 1305 885 nbi

176 928 256 993 dicit
276 929 333 1010 ita,
354 930 479 1014 figurae
500 936 628 997 tantum
649 931 777 996 dicendi
799 936 934 996 exstent.

277 1042 420 1108 Primum
439 1045 522 1108 enim
537 1043 624 1127 quod
641 1043 758 1109 attinet
770 1041 813 1106 ad
828 1042 988 1124 Nemesin,
1010 1042 1093 1110 solet
1107 1044 1303 1124 Ammianus,

176 1159 296 1218 utnon
319 1157 383 1219 iam
406 1156 608 1240 ignoramus,
639 1155 775 1220 aliorum
805 1155 912 1220 vanas
941 1156 1107 1239 opiniones
1130 1176 1303 1240 congerere

174 1266 222 1330 ita
238 1266 377 1349 quidem,
392 1274 429 1333 ut
441 1289 547 1352 pauca
561 1268 600 1333 de
619 1266 762 1332 fontibus
779 1265 887 1331 addat.
928 1267 1040 1332 Liceat
1053 1267 1153 1351 igitur
1166 1262 1304 1354 exempli

176 1379 282 1460 gratia
302 1379 388 1445 huno
416 1382 522 1464 ipsum
543 1381 665 1459 locum,
695 1399 819 1462 exque
842 1379 1105 1445 consuetudinem
1129 1381 1197 1446 eius
1219 1381 1303 1446 refe·

174 1490 266 1554 rendi
289 1512 534 1574 cognoscamus,
562 1493 610 1557 ita
632 1491 806 1575 disponere.
827 1491 918 1555 utin
941 1490 1057 1557 dextra
1078 1493 1197 1577 pagina
1219 1514 1302 1576 quae

174 1602 288 1682 refert,
309 1605 349 1667 in
372 1605 503 1670 sinistra
525 1603 669 1689 quaeda
698 1602 841 1668 fontibus
864 1603 969 1683 addit,
1000 1603 1192 1670 collocemus
1214 1604 1302 1689 (XIV

177 1720 225 1794 ιι,
249 1717 319 1800 asp

174 2619 388 2684 humanarum
398 2616 552 2681 mentium
562 2614 711 2698 opinione

173 2731 224 2796 vel
244 2737 281 2796 ut
303 2729 459 2795 definiunt
480 2728 536 2793 alii

173 3067 317 3151 theologi
339 3071 464 3130 veteres
523 3064 680 3147 fingentes

524 3174 659 3241 tradunt

172 3973 323 4039 fabulosa
344 3978 505 4037 vestustae
528 3972 661 4056 aptavit,

172 4092 210 4151 ut
232 4086 434 4151 existimetur

761 1829 854 1893 ‘haec
867 1876 875 1892 .
887 1877 911 1892 ..
927 1828 1027 1893 ultrix
1048 1829 1228 1894 facinorum
1243 1829 1302 1894 im·

761 1942 888 2027 piorum
902 1940 1126 2024 bonorumque
1141 1942 1301 2025 praemia-

761 2055 827 2119 trix
835 2053 1029 2137 aliquotiens
1038 2054 1300 2137 operaturAdra-

762 2167 826 2231 stia
930 2186 1028 2249 quam
1057 2165 1215 2231 vocabulo
1242 2167 1300 2231 du·

761 2279 838 2363 plici
860 2278 959 2344 etiam
974 2277 1135 2343 Nemesim
1158 2278 1301 2363 appella·

761 2413 848 2456 mus:
883 2391 934 2455 ius
968 2389 1131 2473 quoddam
1165 2390 1301 2456 sublime

762 2503 901 2568 numinis
924 2501 1074 2580 efficacis,

762 2615 869 2681 lunari
890 2614 1010 2679 circulo
1031 2615 1279 2699 superpositum,

764 2726 986 2794 substantialis
1020 2726 1124 2792 tutela
1157 2727 1300 2810 generali

762 2840 909 2925 potentia
919 2839 1095 2923 partilibus
1110 2839 1300 2924 praesidens

762 2952 849 3031 fatis,
873 2973 971 3035 quam

761 3065 909 3129 Iustitiae
931 3063 1032 3128 filiam

763 3197 802 3241 ex
818 3176 930 3241 abdita
949 3176 1091 3260 quadam
1107 3176 1300 3241 aeternitate

762 3289 870 3353 omnia
891 3288 1081 3372 despectare
1102 3288 1250 3354 terrena'.

804 3403 892 3486 §262
918 3401 1025 3479 ‘Haec

761 3519 799 3578 ut
819 3513 932 3596 regina
955 3533 1127 3578 causarum
1154 3518 1187 3578 et
1213 3511 1299 3577 arbi-

761 3632 815 3690 tra
829 3646 939 3690 rerum
960 3647 999 3690 ac
1015 3624 1227 3708 disceptatrix
1245 3645 1299 3688 ur·
1349 3684 1351 3690 .

761 3759 836 3802 nam
858 3738 994 3803 sortium
1014 3742 1175 3822 temperat

761 3851 877 3935 pinnas
899 3854 1008 3915 autem
1030 3850 1103 3915 ideo
1126 3848 1174 3913 illi

762 4075 876 4143 adesse
898 4074 1069 4140 velocitate
1091 4073 1213 4139 volucri

762 4188 894 4267 eunctis,
