2956 4950
711 402 918 473 -16·..

252 575 452 644 sollemnium
476 599 639 644 sacrorum
662 579 802 644 numina'
825 579 962 646 XXVIII
980 587 1005 645 1.
1022 585 1072 646 20.
1116 577 1224 665 ‘Matri
1245 578 1409 656 deorum,

252 712 390 776 pompae
413 690 627 757 celebrantur'
650 691 759 756 XXIII
781 695 809 756 3.
831 698 849 756 7
873 697 906 758 et
927 692 995 758 sim.

355 802 571 868 Transeuntes
591 824 677 868 nune
708 803 751 868 ad
779 824 850 870 eam
879 805 1117 887 quaestionem,
1147 806 1306 891 quomodo
1329 807 1379 871 iu·

253 915 339 981 dicet
360 915 547 981 Ammianus
568 914 608 981 de
631 936 758 1001 pagano
781 916 885 996 cultu,
914 918 1053 1002 primum
1082 918 1263 1004 complures
1290 919 1391 984 locos.

251 1033 400 1112 repetere
421 1028 564 1111 cogimur
585 1048 666 1110 quos
689 1048 787 1112 supra
808 1029 873 1093 iam
896 1031 940 1114 (p.
967 1031 1018 1114 13)
1041 1029 1082 1095 de
1103 1029 1280 1096 christiana
1303 1031 1379 1095 reli·

253 1141 346 1224 gione
368 1145 501 1223 agentes
524 1139 700 1205 attulimus.
744 1140 875 1206 Nullum
904 1140 1058 1206 iudicium
1084 1164 1157 1208 eum
1180 1142 1300 1208 addere
1321 1142 1379 1208 ubi

252 1258 366 1319 narrat
380 1251 539 1317 iubenum
554 1250 709 1319 defecisse
731 1250 948 1319 achristianis
969 1254 1034 1319 iam
1052 1254 1187 1320 scimus:
1209 1255 1286 1319 XXI
1300 1260 1328 1321 2.
1342 1261 1379 1320 4:

252 1371 361 1449 ‘utque
378 1385 487 1431 omnes
511 1364 599 1430 nullo
611 1364 806 1449 impediente
829 1365 871 1432 ad
893 1365 944 1431 sui
959 1363 1102 1431 favorem
1123 1365 1300 1447 induceret,
1321 1365 1379 1431 ad·

252 1477 388 1543 haerere
410 1477 512 1543 cultui
534 1477 709 1542 christiano
723 1460 919 1562 fingebata
941 1499 1004 1562 quo
1026 1477 1232 1562 iampridem
1252 1480 1379 1544 occulte

251 1589 445 1670 desciverat,
477 1610 669 1655 arcanorum
692 1590 907 1674 participibus
928 1590 1050 1674 paucis,
1072 1590 1298 1675 haruspicinae
1321 1611 1378 1656 au·

252 1703 417 1788 guriisque
452 1702 596 1767 intentus
626 1707 659 1767 et
691 1702 808 1767 ceteris
840 1686 924 1785 quae
955 1701 1087 1768 deorum
1115 1723 1242 1788 semper
1271 1681 1380 1769 fecere

252 1814 408 1894 cultores,
438 1816 456 1901 ἓ
479 1821 515 1881 5:
545 1820 578 1880 et
599 1820 637 1879 ut
658 1813 740 1879 haec
761 1814 892 1880 interim
912 1813 1095 1881 celarentur
1187 1835 1379 1900 progressus

250 1928 284 1991 in
309 1947 421 1992 eorum
443 1926 610 1992 ecclesiam
634 1925 831 1992 sollemniter
853 1927 983 1991 numine
1005 1932 1097 1992 orato
1121 1926 1286 1993 discessit'.
1329 1926 1378 1992 si-

251 2039 319 2104 mili
345 2037 441 2104 modo
470 2038 629 2104 Iulianum
666 2043 779 2122 aperte
815 2038 857 2104 ad
886 2059 1031 2123 paganos
1068 2039 1235 2106 transiisse
1265 2043 1380 2104 narrat

252 2150 345 2215 XXII
368 2158 395 2217 5.
421 2156 457 2216 1:
480 2156 522 2216 ‘et
544 2171 741 2235 quamquam
762 2171 783 2215 a
804 2151 994 2217 rudimentis
1015 2152 1176 2235 pueritiae
1197 2151 1309 2235 primis
1330 2151 1379 2216 in·

251 2262 401 2328 clinaticr
422 2268 494 2328 erat
515 2283 593 2347 erga
614 2263 779 2329 numinum
801 2263 923 2328 cultum
944 2262 1166 2349 paulatimque
1188 2263 1379 2329 adulescens

250 2374 410 2440 desiderio
432 2375 480 2440 rei
501 2374 672 2459 flagrabat,
693 2374 795 2441 multa
809 2380 954 2442 metuens
976 2379 1083 2440 tamen
1110 2376 1258 2459 agitabat
1279 2395 1379 2460 quae·

252 2486 326 2553 darn
349 2486 391 2552 ad
413 2486 447 2552 id
468 2487 680 2571 pertinentia,
708 2493 862 2572 quantum
885 2486 956 2553 fieri
977 2493 1123 2572 poterat,
1154 2487 1379 2554 occultissime.

251 2602 268 2685 ξ
291 2605 327 2665 2:
356 2598 413 2665 ubi
440 2620 516 2665 vero
545 2598 675 2664 abolitis
702 2619 786 2683 quae
813 2599 987 2665 verebatur
1015 2599 1128 2666 adesse
1157 2600 1219 2665 sIbi
1240 2599 1378 2665 liberum

250 2717 379 2797 tempus
394 2711 535 2777 faciendi
550 2732 634 2794 quae
648 2710 745 2777 vellet
758 2711 907 2792 advertit,
928 2711 1070 2796 pectoris
1088 2712 1244 2797 patefecit
1258 2732 1380 2777 arcana

253 2829 285 2890 et
304 2825 411 2910 planis
433 2823 655 2908 absolutisque
671 2823 810 2890 decretis
830 2824 952 2908 aperiri
973 2823 1094 2908 templa
1110 2825 1240 2910 arisque
1255 2825 1380 2890 hostias

252 2936 424 3003 admovere
448 2940 487 3002 et
515 2936 664 3021 reparari
693 2919 826 3002 deorum
854 2937 969 3003 statuit
999 2935 1139 3003 cultum’.
1183 2936 1220 3001 Id
1250 2957 1379 3021 quoque

251 3049 316 3114 iam
339 3048 552 3134 comperimus
572 3048 768 3133 aequitatem
791 3047 908 3113 Iuliani
932 3048 974 3114 ab
997 3048 1201 3115 aclaudari:
1223 3048 1317 3115 XXII
1340 3053 1380 3114 10

255 3166 289 3227 2:
322 3167 365 3228 ‘et
385 3181 582 3246 quamquam
610 3161 644 3225 in
670 3159 880 3245 disceptando
908 3159 1102 3246 aliquotiens
1125 3165 1196 3227 erat
1224 3161 1381 3244 intempe-

253 3275 370 3354 stivus,
402 3273 481 3358 quid
502 3273 638 3358 quisque
667 3273 865 3356 iurgantium
895 3273 1016 3341 coleret
1037 3279 1113 3339 tem
1121 3294 1219 3357 pore
1243 3252 1392 3339 alieno

250 3387 465 3470 interrogans,
486 3390 595 3451 tamen
617 3385 707 3450 nulla
727 3385 797 3451 eius
819 3385 962 3452 delinitio
984 3385 1051 3451 litis
1073 3406 1094 3451 a
1116 3404 1191 3451 vero
1212 3384 1382 3453 dissonans

253 3499 454 3584 repperitur,
489 3518 549 3563 nec
585 3497 679 3581 argui
714 3519 867 3581 umquam
901 3498 1008 3583 potuit
1041 3497 1082 3563 cb
1111 3496 1299 3581 religionem
1331 3495 1382 3562 vel

254 3610 479 3696 quodcumque
514 3609 602 3675 aliud
639 3609 681 3675 ab
716 3610 891 3694 aequitatis
929 3615 1018 3677 recto
1059 3609 1191 3675 tramite
1226 3608 1397 3674 deviasse'.

254 3730 287 3789 et
314 3724 349 3790 id
380 3721 467 3807 quod
489 3721 568 3787 dicit
588 3723 606 3808 ᾖ
629 3726 647 3785 7
671 3721 822 3806 quodque
844 3722 934 3788 XXV
955 3728 985 3788 4.
1006 3726 1047 3788 20
1071 3708 1147 3807 (rid.
1170 3741 1239 3805 sup.
1262 3742 1293 3805 p.
1319 3723 1382 3804 13).

254 3836 367 3920 Neque
397 3833 511 3900 inutile
540 3853 610 3900 esse
638 3833 767 3899 videtur
794 3834 855 3900 tibi
887 3833 977 3900 illum
1004 3833 1112 3899 locum
1137 3833 1172 3899 in
1193 3832 1391 3927 memoriam*

254 3948 401 4033 redigere
431 3932 529 4013 XXX
547 3953 575 4014 9.
599 3953 633 4029 53
660 3946 870 4032 ‘principatus
898 3945 1050 4013 inclaruit
1079 3946 1166 4030 quod
1258 3945 1384 4012 medius

255 4061 345 4128 stetit
367 4059 432 4125 ...'.
455 4060 535 4125 Cum
554 4059 757 4144 principatus
772 4058 872 4125 fuerit
884 4064 954 4124 tum
973 4057 1177 4137 christianus,
1200 4057 1237 4137 is,
1259 4058 1315 4141 qui
1336 4058 1385 4122 ita

255 4174 348 4254 dicit,
387 4171 496 4258 potius
526 4191 623 4255 quam
655 4171 848 4237 christianus
875 4171 1004 4237 videtur
1033 4190 1103 4236 esse
1134 4190 1296 4255 paganus,
1328 4170 1384 4254 qui

255 4285 362 4352 verbis
391 4283 546 4350 eiusmodi
572 4283 735 4369 principes
765 4278 937 4350 admonere
959 4282 1085 4364 studet,
1117 4287 1155 4348 ut
1184 4281 1282 4348 etiam
1305 4302 1399 4365 erga,
