2956 4950
632 402 844 475 ..56-

279 576 362 659 Quin
402 579 498 645 etiam
536 580 667 646 nimiam
706 579 967 664 superstitionem
1004 580 1145 647 ludibrio
1183 573 1302 647 hahet:

176 690 313 757 XXVIII
343 698 372 757 4.
404 696 445 757 24
479 691 581 757 ‘multi
607 697 762 776 negantes
786 713 863 787 'esse
893 713 1027 776 superas
1056 697 1234 778 potestates
1267 694 1302 758 in

177 803 265 869 caelo
287 825 346 869 uec
435 825 494 869 nec
517 854 580 885 ...,
603 809 777 888 antequam
800 803 1004 888 ephemeride
1030 806 1216 890 scrupulose
1239 805 1301 870 sci·

176 916 293 981 scitata
316 915 504 995 didicerint,
527 915 584 981 ubi
606 917 649 981 sit
669 916 759 982 verbi
788 917 894 1000 gratia
925 917 1051 1000 siguum
1075 915 1228 982 Mercurii
1250 916 1303 982 vel

176 1027 251 1109 ...’;
272 1032 369 1112 atque
390 1027 550 1093 Iulianum
571 1029 735 1112 vituperat
751 1029 855 1114 (XXV
872 1034 901 1093 4.
920 1029 982 1113 17),
1004 1027 1090 1113 quod
1111 1028 1174 1094 fuit
1196 1035 1302 1112 ‘prae-

176 1140 338 1223 sagiorum
358 1140 568 1206 sciscitationi
586 1140 703 1206 nimiae
718 1140 853 1222 deditus,
876 1146 913 1206 ut
930 1140 1094 1206 videretur
1187 1162 1302 1224 super-

175 1253 320 1318 stitiosus
335 1253 437 1335 magis
460 1272 556 1336 quam
571 1273 736 1319 sacrorum
750 1254 913 1338 legitimus
927 1252 1133 1318 observator’.
1178 1252 1303 1318 Tamen

176 1365 274 1429 etiam
294 1364 400 1449 ipsum
419 1364 577 1430 Iulianum
606 1364 763 1445 defendit,
796 1365 920 1448 quain
949 1386 985 1430 re
1015 1364 1183 1430 manifeste
1206 1356 1305 1430 docet

176 1497 210 1542 se
237 1477 343 1561 ipsum
373 1476 577 1556 divinationi,
609 1477 769 1560 auguriis,
800 1477 968 1561 auspiciis,
999 1477 1113 1543 ceteris
1144 1476 1304 1542 eiusmodi

176 1589 300 1655 artibus
322 1588 418 1654 fidem
438 1588 575 1655 habere:
598 1589 675 1654 XXI
694 1594 720 1654 1.
744 1594 762 1653 7
786 1594 829 1655 ‘et
851 1590 1002 1673 quoniam
1028 1588 1155 1655 erudito
1178 1593 1210 1654 et
1232 1593 1303 1655 stu·

176 1701 265 1767 dioso
296 1702 512 1785 cognitionum
545 1703 686 1767 omnium
719 1702 857 1786 principi
893 1701 1033 1766 malivoli
1067 1702 1304 1786 praenoscendi

175 1812 285 1879 futura
316 1835 434 1899 pravas
465 1818 552 1878 artes
586 1813 772 1898 adsignant,
809 1813 1039 1879 advertendum
1073 1819 1124 1879 est
1149 1813 1303 1896 breviter,

175 1926 261 1992 unde
284 1927 465 2010 sapienti
488 1927 575 1992 viro
601 1927 663 1991 hoc
684 1946 811 2009 quoque
832 1925 980 1991 accidere
1001 1925 1123 2010 poterit
1144 1925 1304 1992 doctri·

175 2059 248 2104 nae
272 2059 395 2123 genus
417 2038 525 2104 haud
546 2038 651 2104 leve’.
696 2037 880 2121 Sequuntur
897 2038 987 2103 varia
1004 2037 1167 2103 divinandi
1181 2058 1304 2121 genera

175 2153 326 2238 §8-14.
370 2149 500 2216 Minime
521 2149 754 2234 neglegendum
775 2149 932 2233 estquod
954 2150 1033 2216 dicit
1053 2151 1071 2235 ξ
1095 2155 1134 2215 13
1158 2153 1201 2215 ‘et
1224 2151 1304 2232 quia

174 2263 311 2329 vanities
334 2262 527 2346 aliquotiens
556 2261 684 2347 plebeia
706 2262 822 2345 strepit
911 2260 1050 2327 sufficiet
1071 2261 1135 2327 dici
1158 2261 1245 2346 quod
1270 2267 1304 2328 et

176 2375 406 2460 grammaticus
432 2374 560 2439 locutus
587 2373 748 2439 interdum
777 2378 827 2439 est
855 2372 995 2439 barbare
1022 2378 1055 2438 et
1147 2375 1165 2459 ᾗ
1189 2378 1228 2440 14

174 2508 238 2552 uon
261 2488 394 2552 deorum
413 2490 531 2550 natura
551 2485 605 2551 sed
629 2486 794 2552 homiuum
819 2487 1004 2551 coniectura
1024 2485 1189 2571 peccavit’

277 2598 361 2664 Num
394 2602 503 2684 potest
542 2598 718 2682 quidquam
753 2598 817 2663 dici
860 2598 978 2663 clarius
1012 2588 1070 2663 aut
1104 2596 1304 2664 dilucidius?

175 2710 341 2777 Accedunt
365 2731 403 2776 ea
426 2731 509 2795 quae
531 2711 652 2795 passim
672 2710 764 2775 addit
784 2710 841 2776 ubi
862 2711 1034 2794 praesagia
1056 2716 1303 2781 commemorat:

175 2824 267 2889 XXII
284 2828 332 2889 12.
350 2828 368 2887 7
394 2823 572 2907 ‘extispicia
592 2843 832 2906 nonnumquam
849 2822 960 2888 futura
971 2821 1173 2906 pandentia’3
1193 2822 1305 2890 XXIX

176 2941 203 3001 2.
226 2942 268 3002 20
304 2940 350 3002 ‘ut
379 2934 460 3001 fides
488 2935 610 3001 oraculi
637 2934 839 3016 firmaretur,
869 2935 955 3019 quod
1062 2934 1303 3020 praedixerat’3

174 3048 264 3114 XXV
286 3054 334 3115 10.
360 3055 374 3114 l
404 3048 501 3114 ‘velut
519 3047 641 3114 offenso
662 3048 791 3113 numine
813 3047 916 3114 multa
937 3047 1124 3113 visebantur
1146 3053 1179 3113 et
1201 3048 1303 3131 dira’3

174 3161 267 3226 XXII
291 3165 339 3227 16.
365 3167 402 3227 17
433 3161 578 3242 scientia
592 3180 675 3244 quae
696 3159 838 3225 fatorum
861 3160 929 3225 vias
952 3159 1102 3226 ostendit’
1123 3160 1238 3226 elsim
1261 3161 1303 3226 al.

173 3252 287 3356 ltaque
311 3293 383 3337 eum
406 3292 489 3354 quae
504 3271 605 3337 tradit
627 3271 667 3337 dc
683 3273 851 3356 portentis,
874 3271 914 3337 de
932 3273 1112 3357 praesagiis
1129 3272 1304 3339 similibus·

175 3406 236 3469 que
259 3384 434 3450 credidisse
455 3384 595 3469 plurima
617 3405 687 3450 esse
710 3405 786 3449 vera
808 3385 920 3468 negari
939 3405 1003 3450 uon
1024 3389 1140 3469 potest.

275 3496 368 3563 Unde
390 3497 490 3580 igitur
516 3496 595 3562 dicit
623 3495 829 3562 Marcellinus
852 3497 1064 3581 coguitionem
1086 3517 1194 3563 rerum
1216 3495 1304 3564 futu·

173 3631 283 3676 rarum
304 3607 514 3675 uobisfieri‘?
537 3609 651 3673 -Ex
680 3609 840 3674 sententia
861 3609 1021 3675 Ammiani
1050 3630 1169 3676 numen
1193 3609 1305 3677 nobis·

174 3743 247 3790 cum
276 3721 491 3788 communicat
521 3721 647 3787 futura:
678 3720 756 3786 XXI
787 3726 813 3786 1.
843 3727 861 3787 9
891 3721 1026 3787 ‘volatus
1056 3722 1163 3788 avium
1192 3721 1306 3806 dirigit

174 3834 252 3901 deus
344 3839 433 3900 amat
454 3834 539 3900 enim
558 3833 742 3916 benignitas
764 3834 919 3914 numinis,
949 3854 1007 3899 seu
1030 3834 1117 3917 quod
1138 3838 1306 3901 merentur

172 3946 317 4012 homines
348 3968 405 4012 seu
433 3946 521 4029 quod
548 3946 694 4030 tangitur
721 3966 832 4011 eorum
862 3945 1059 4028 adfectione,
1092 3945 1143 4012 his
1174 3966 1306 4033 quoque

174 4058 298 4125 artibus
320 4059 459 4144 prodere
490 4080 573 4143 quae
602 4057 807 4144 impendent'.
859 4058 966 4126 Etiam
994 4056 1233 4144 philosophiam
1264 4060 1307 4128 de

173 4171 236 4236 hac
265 4170 388 4237 difficili
416 4191 451 4236 re
481 4171 657 4237 consuluit:
686 4171 763 4236 XXI
796 4176 862 4238 1.8
891 4170 1132 4237 ‘elementorum
1162 4172 1307 4241 omnium

174 4283 324 4370 spiritus,
361 4287 475 4368 utpote
509 4283 698 4369 perenuium
740 4303 912 4369 corporum
940 4282 1180 4370 praesentiendi
1197 4291 1308 4355 motu
