2956 4950
638 417 850 484 ..18-

175 587 256 658 tium
285 584 459 657 commodis
493 591 536 657 ad
569 590 739 657 arbitrium
770 611 861 656 sunm
890 589 1139 657 subtrahebant
1153 595 1300 676 tempera

175 705 226 770 vel
248 703 430 788 augebant’.
474 704 580 789 Atque
601 703 761 769 Iulianum
780 704 943 788 vituperat
958 703 1047 769 XXV
1064 708 1093 768 4.
1120 709 1176 769 17:
1199 710 1301 788 ‘prae-

176 817 338 901 sagiorum
356 816 567 882 sciscitationi
581 815 699 881 nimiae
716 815 843 880 deditus
862 865 911 880 ...
931 815 1174 899 superstitiosus
1189 815 1302 898 magis,

176 948 273 1013 quam
299 949 465 993 sacrorum
487 929 649 1012 legitimus
671 928 873 1007 observator,
895 928 1080 993 innumeras
1102 928 1169 992 sine
1196 928 1300 1012 paroi-

175 1041 284 1106 monia
303 1040 611 1124 peeudesmactans
633 1038 699 1104 ...’.
743 1038 858 1123 Itaque
880 1041 968 1124 parti
990 1059 1116 1119 eorum,
1139 1039 1195 1122 qui
1215 1044 1301 1104 vete·

176 1173 245 1217 rem
268 1151 388 1217 cultum
411 1152 582 1219 restituere
609 1150 792 1217 studebant.
834 1148 1058 1235 Iulianumqne
1080 1150 1307 1228 imitabantur,

176 1265 376 1329 Ammianum
400 1263 578 1330 attribuere
607 1284 671 1328 non
698 1283 877 1348 possumus.
922 1264 993 1342 Qua
1017 1284 1053 1328 re
1075 1262 1117 1328 ad
1143 1282 1214 1327 eam
1236 1263 1302 1327 iam

174 1376 381 1461 perducimur
402 1377 631 1459 quaestionem,
652 1396 728 1441 num
743 1375 870 1440 omnine
888 1375 1000 1460 plures
1022 1375 1100 1441 deos
1116 1374 1253 1439 coluerit
1265 1375 1300 1460 l).

174 1487 347 1553 Permultis
369 1489 451 1553 enim
468 1487 561 1552 locis
584 1486 771 1552 Ammianus
793 1493 1023 1552 commemorat
1044 1486 1140 1552 ‘deos’
1162 1486 1212 1551 vel
1234 1493 1301 1551 ‘nu-

175 1600 270 1664 mina'
294 1607 392 1684 atque
419 1600 491 1684 ipsa
512 1599 711 1682 singulorum
734 1598 866 1664 deorum
889 1600 1035 1665 nomina:
1077 1600 1193 1678 Iovem,
1217 1596 1301 1663 Mer·

175 1713 315 1791 curium,
345 1711 497 1792 Martem,
521 1713 692 1791 Venerem,
720 1710 876 1796 Cybelen,
905 1710 1073 1790 Nemesin,
1102 1711 1192 1777 alios.
1237 1710 1302 1775 Sed

174 1823 263 1889 aliud
286 1829 336 1889 est
357 1823 434 1889 deos
456 1822 572 1903 dicere,
595 1823 683 1888 allud
705 1823 782 1888 deos
798 1822 912 1888 colere.
958 1823 1051 1903 Quod
1068 1844 1177 1889 rerum
1191 1821 1301 1906 scrip·

175 1940 229 2000 tor
259 1934 336 2001 deos
366 1940 611 2016 commemorat,
651 1955 689 2000 ee
718 1954 782 2000 non
817 1955 852 2000 se
889 1934 1045 2000 cultorem
1073 1955 1183 2000 eorum
1212 1934 1302 1999 facit.

175 2047 257 2126 Quin
275 2047 371 2112 etiam
385 2046 479 2112 multi
492 2047 622 2111 illerum
637 2046 781 2112 locorum
803 2067 885 2130 quos
906 2045 1077 2112 afferemus
1099 2047 1132 2110 in
1146 2045 1300 2130 operibus

174 2158 367 2244 scriptorum
390 2158 638 2224 christianorum
659 2163 692 2223 et
713 2163 843 2224 nostrae
865 2162 898 2224 et
917 2157 1004 2223 illius
1023 2159 1142 2224 aetatis
1163 2156 1300 2222 inveniri

173 2276 316 2354 possunt.
360 2269 505 2355 Scriptor
529 2271 584 2354 qui
610 2270 751 2355 aliquam
768 2270 960 2336 sententiam
993 2270 1071 2336 dicit
1093 2270 1143 2335 vel
1164 2269 1298 2334 verbum

174 2382 336 2465 quoddam
357 2388 596 2463 commemorat,
618 2387 728 2467 potest
750 2382 812 2448 vel
833 2382 881 2447 ita
902 2381 1010 2448 dicere
1034 2388 1166 2447 coactus
1188 2380 1301 2446 ordine

174 2500 337 2577 gestarum
360 2515 469 2560 rerum
492 2494 745 2573 narrandarum,
775 2493 1038 2560 celerationem
1060 2493 1196 2558 alicuius
1217 2493 1301 2557 rele-

173 2627 257 2686 rens,
280 2607 472 2672 sententiam
495 2606 655 2690 loquentis
677 2605 834 2691 prolerre,
856 2606 919 2671 vel
941 2606 989 2671 uti
1012 2606 1111 2671 verbo
1133 2604 1302 2688 scriptoris

174 2719 309 2784 alicuius
330 2719 461 2803 prioris,
491 2718 555 2784 vel
584 2720 675 2802 sequi
704 2740 797 2786 usum
819 2718 1004 2801 vulgarem,
1035 2716 1300 2783 consuetudinem

174 2830 301 2896 dicendi
324 2830 528 2896 cotidianam.
573 2830 751 2914 Propterea
782 2830 1024 2895 accuratissime
1054 2827 1300 2894 discernendum

176 2948 242 3023 est,
271 2947 380 3008 utrum
410 2943 597 3009 Ammianus
626 2943 721 3008 mode
742 2941 864 3009 referat
886 2964 928 3008 an
949 2941 1085 3023 iudicet3
1118 2940 1301 3007 discernen-

176 3055 261 3135 dum,
284 3060 393 3120 utrum
415 3047 515 3121 verba
535 3075 619 3138 quae
647 3055 711 3120 huc
731 3059 879 3139 spectant
900 3059 1027 3119 exstent
1049 3054 1082 3118 in
1104 3054 1300 3132 narratione,

172 3168 206 3232 iu
239 3187 376 3232 excursu
404 3167 559 3233 historico
587 3166 637 3232 vel
666 3166 898 3251 geographico,
925 3166 959 3231 in
979 3165 1125 3231 oratione
1154 3166 1301 3245 alieuius,

172 3280 206 3343 in
227 3278 390 3344 laudando
409 3285 509 3365 poeta
536 3280 587 3345 vel
616 3279 807 3364 philosopho
830 3284 938 3344 vetere
960 3277 1100 3363 quodam
1127 3315 1163 3325 -
1188 3298 1230 3342 an
1250 3278 1300 3341 in·

172 3392 342 3456 veniantur
360 3393 396 3456 in
416 3391 535 3458 iudicio
560 3392 718 3457 Ammiani
739 3390 919 3456 Marcellini
938 3391 1040 3474 ipsius
1051 3389 1087 3473 2).

275 3627 300 3693 1)
322 3623 430 3678 (lartius
455 3625 519 3693 quia
543 3624 572 3678 id
595 3623 670 3693 quod
687 3623 811 3692 sequitur
828 3623 965 3692 neglexit,
990 3626 1085 3692 putat:
1111 3622 1213 3692 ‘plures
1231 3620 1300 3675 deos

172 3728 231 3765 esse
254 3711 359 3765 credit:
379 3708 469 3764 XVII
487 3714 510 3765 7.
531 3712 564 3764 10
642 3712 671 3764 et
689 3709 736 3763 oft.
754 3707 843 3763 XXII
861 3711 885 3763 8.
903 3711 937 3763 2:
964 3706 1064 3762 ‘Delon
1085 3712 1166 3779 partu
1184 3708 1299 3761 deorum

150 3799 152 3805 '
170 3797 314 3866 insignem’
325 3837 331 3851 .
344 3837 350 3850 .
362 3837 367 3850 .
379 3795 414 3850 cf.
429 3794 535 3849 XXIII
547 3797 570 3849 6.
581 3797 622 3864 24,
641 3796 689 3850 ubi
702 3795 817 3849 deorum
828 3795 948 3852 celebria
965 3794 1080 3849 delubra
1097 3793 1299 3862 conscribitlll’

170 3902 197 3952 p.
216 3885 257 3937 26.
293 3882 365 3936 Ilum
383 3885 494 3935 secutus
515 3898 574 3936 esse
592 3881 701 3936 videtur
718 3879 877 3935 Ludovicus
895 3880 1029 3936 Schwabe
1046 3881 1091 3933 in:
1110 3878 1155 3933 W.
1174 3878 1201 3932 S.
1217 3878 1299 3933 Teuf-

171 3968 230 4022 fcl’s
248 3966 416 4022 Gesehichts
433 3966 483 4020 der
501 3966 657 4022 rbmisoben
675 3966 830 4021 Litteratur
847 3967 882 4035 (ὅ.
900 3966 987 4035 Aufl.)
1006 3965 1095 4036 §429‚
1113 3967 1130 4018 2
1147 3967 1186 4035 (p.
1208 3968 1298 4034 1092);

171 4055 342 4108 ‘Ammianus
358 4053 396 4106 ist
413 4053 623 4107 cntschiedener
639 4051 808 4122 Polytheist,
831 4054 897 4107 aber
915 4054 944 4107 in
962 4053 1012 4107 der
1027 4051 1299 4105 versehwommenen

171 4140 228 4194 und
245 4140 440 4210 abgeblassten
457 4137 551 4193 Weiss
570 4139 619 4193 der
639 4138 805 4194 Gebildeten
822 4139 912 4193 seiner
929 4137 1008 4194 Zeit’.

271 4227 299 4294 2)
325 4225 429 4279 'famen
454 4243 550 4279 caveas
576 4243 610 4280 ne
636 4226 662 4278 in
689 4225 857 4278 contrarium
882 4226 978 4278 vitium
1001 4224 1115 4279 incidas.
1151 4223 1297 4277 Dubitatio

170 4330 239 4382 quae
258 4313 398 4382 profertur
414 4329 524 4381 semper
541 4312 705 4368 stabilienda
730 4317 771 4366 ast
790 4312 874 4365 certis
892 4311 1076 4381 argumentis;
1104 4310 1132 4363 id
1159 4310 1233 4378 quod
1250 4311 1297 4363 ad-
