2956 4950
705 405 917 465 ..10-

253 570 336 635 Nam
361 569 441 635 haec
462 570 607 651 nomina,
638 591 721 654 quae
747 571 873 636 urbano
896 572 1012 655 cuique
1036 572 1156 637 homini
1175 577 1376 652 notuerunt,

252 681 354 747 refert
373 686 510 762 tantum,
533 681 687 747 iudicium
708 681 830 747 nullum
853 683 1005 748 adiciens.

355 795 516 860 Accurate
537 799 650 859 contra
677 794 882 861 considerare
908 794 1062 861 debemus
1091 794 1190 862 rerba
1217 817 1300 881 quae
1322 817 1376 861 ex-

252 910 341 972 stant
362 906 439 972 XXI
455 910 502 970 16.
519 911 568 986 18,
590 904 648 971 ubi
668 899 748 973 vitia
764 906 944 973 Constantii
957 924 1152 974 enumerans
1165 907 1228 974 hoc
1249 929 1377 992 quoquc

252 1019 431 1102 vituperat,
464 1018 552 1102 quod
580 1017 797 1084 ‘christianam
819 1018 1007 1103 religionem
1037 1019 1219 1091 absolutam
1248 1024 1282 1085 ot
1302 1020 1377 1086 sim·

251 1129 367 1215 plicem
389 1129 467 1195 anili
488 1129 725 1215 superstitione’
748 1130 937 1196 confuderit.
980 1130 1065 1198 Illud
1079 1131 1187 1215 igitur,
1210 1131 1298 1215 quod
1319 1152 1376 1197 an·

251 1245 307 1307 tea
328 1241 469 1308 diximus
489 1242 692 1308 Ammiauum
712 1241 851 1308 fortasse
882 1243 922 1309 da
947 1241 1157 1327 religionibus
1177 1243 1322 1310 iudicare
1343 1243 1378 1308 in

252 1373 351 1438 opere
371 1375 430 1420 suo
452 1354 581 1420 omnino
602 1352 752 1435 noluisse,
772 1355 838 1420 iam
853 1355 956 1421 teneri
978 1375 1042 1420 non
1059 1360 1176 1439 potest.
1219 1354 1378 1421 Iudicium

252 1465 337 1531 enim
360 1465 456 1532 affert
477 1466 517 1531 de
538 1487 574 1531 rc
603 1466 714 1550 aliqua
745 1466 912 1551 rehgiosa,
928 1466 1053 1551 ,itaque
1076 1488 1116 1532 ex
1136 1466 1286 1553 partibus
1307 1468 1378 1551 qui·

251 1578 388 1644 busdam
426 1599 499 1645 eum
529 1583 617 1644 stare
652 1599 783 1645 necesse
819 1584 876 1644 est
933 1579 998 1645 Sed
1034 1578 1194 1663 quomodo
1228 1577 1377 1644 iudicat?

252 1694 366 1773 atque,
397 1690 550 1774 quoniam
577 1690 784 1757 Constantius
811 1711 832 1756 a
860 1690 1016 1757 doctrinis
1045 1690 1215 1756 Athanasii
1245 1690 1378 1773 eiusque

252 1802 411 1868 sociorum
436 1801 624 1883 dissidebat,
648 1803 766 1887 quibus
787 1823 827 1867 ex
848 1802 997 1887 partibus
1018 1803 1080 1869 hoc
1101 1803 1173 1869 loco
1195 1807 1283 1868 stare
1302 1803 1378 1867 Am·

252 1914 393 1980 mianum
414 1916 590 1999 putamus?
633 1914 771 1981 Noritae
803 1920 966 1981 certamen
994 1916 1100 2000 ipsum
1125 1915 1211 1981 inter
1240 1914 1378 1980 Arianos

253 2031 286 2092 et
313 2025 551 2093 Athanasianos
588 2031 686 2111 atque
721 2026 784 2092 hoo
819 2027 892 2093 loco
922 2027 962 2092 de
990 2048 1029 2093 eo
1059 2027 1203 2112 cogitat?
1261 2027 1377 2110 Ipsene

252 2138 475 2206 Constantium
510 2144 548 2206 ut
585 2139 740 2205 Asianum
774 2139 1013 2223 reprehendens
1053 2139 1308 2207 Athanasianum
1344 2159 1380 2204 se

251 2271 322 2318 essa
344 2251 461 2318 docet?

355 2363 464 2430 Facile
485 2363 520 2430 id
543 2363 659 2448 aliquis
681 2384 722 2431 cx
742 2363 807 2430 illis
823 2363 930 2430 verbis
948 2363 1139 2431 concludere
1151 2368 1260 2447 potest
1274 2383 1381 2447 neque

252 2475 370 2543 desunt
390 2475 451 2542 riri
473 2475 574 2558 docti,
603 2477 659 2560 qui
679 2476 713 2542 in
735 2475 842 2543 uerbis
864 2475 1025 2542 Ammiani
1046 2475 1256 2560 opprobrium
1278 2474 1379 2558 quod·

252 2587 328 2654 dam
350 2588 419 2654 Arii
442 2588 548 2654 inesse
571 2592 694 2673 putent
738 2588 803 2655 Sed
824 2588 848 2653 ii
876 2608 944 2654 ram
966 2588 1061 2653 nimis
1084 2608 1105 2653 a
1133 2592 1245 2653 nostro
1266 2586 1317 2652 vel
1337 2587 1380 2653 ab

251 2701 395 2785 ipsorum
417 2704 505 2766 statu
520 2701 715 2786 spectavisse
734 2700 814 2766 mihi
829 2699 988 2766 videntur.
1018 2699 1128 2792 ‘Certe
1148 2699 1245 2791 homo
1268 2698 1380 2765 catho-

251 2813 333 2878 licus
361 2812 412 2877 vel
441 2812 639 2879 orthodoxus
664 2817 794 2878 nostrae
823 2812 941 2878 aetatis
964 2812 1128 2877 doctrinas
1149 2812 1219 2877 Arii
1253 2812 1380 2878 ‘anilem

253 2924 522 3008 superstitionem’
552 2924 660 2992 dicare
687 2945 751 2991 non
780 2923 884 2991 solum
911 2929 1029 3009 potest,
1058 2923 1115 2990 sed
1145 2925 1244 2990 etiam
1274 2923 1379 2990 debet.

252 3038 406 3104 Attamen
426 3058 503 3103 num
524 3038 552 3102 is
573 3056 718 3121 quoque,
741 3037 796 3120 qui
819 3035 1018 3103 extrinsecus
1043 3036 1136 3120 quasi
1158 3037 1379 3121 conoemplans

252 3149 418 3216 doctrinas
439 3148 553 3215 ambas
580 3150 770 3234 comparet?
814 3151 905 3229 Quae
935 3149 1097 3215 sententia
1128 3147 1256 3214 facilius
1286 3147 1380 3214 intel·

251 3262 316 3346 legi
336 3266 454 3346 potest,
476 3266 594 3342 utrum,
617 3261 704 3344 quod
719 3261 816 3328 Arius
836 3260 982 3340 docebat,
1002 3282 1101 3327 unum
1123 3281 1193 3327 esse
1209 3260 1313 3341 deum,
1338 3281 1381 3326 au

254 3373 477 3441 difficillimum
500 3372 671 3441 Athanasii
689 3373 806 3457 dogma
826 3373 983 3439 trinitatis
1006 3378 1040 3439 et
1062 3371 1264 3460 ὁμοουσίαςῖ
1308 3371 1381 3439 Oui·

252 3486 333 3552 libet
347 3491 480 3552 externo
494 3490 582 3552 certe
598 3486 694 3553 Arius
710 3485 882 3552 dilucidior
899 3485 970 3552 luit.
1014 3485 1130 3569 Itaque
1150 3485 1178 3551 si
1193 3485 1381 3551 Ammianus

253 3598 315 3664 hoc
348 3599 420 3664 loco
451 3599 589 3664 Arianas
616 3599 792 3664 sententias
825 3601 1034 3682 aspernatur,
1067 3617 1199 3663 necessa
1227 3601 1277 3663 est
1308 3617 1381 3662 eum

253 3709 467 3777 Athanasium
485 3730 612 3795 semper
625 3715 771 3778 secutum
793 3731 872 3777 esse.
916 3710 951 3776 si
964 3707 1027 3775 fuit
1042 3709 1291 3790 Athanasianus‚
1308 3729 1381 3793 spe·

253 3843 363 3888 ramus
385 3843 458 3889 eum
481 3823 562 3889 alias
579 3842 708 3907 quoque
725 3823 914 3908 magistrum
935 3821 1141 3888 defensurum
1164 3841 1243 3887 esse.
1287 3822 1380 3887 Itane

255 3936 326 4000 est?
355 3934 539 4000 defenditne
562 3955 635 4000 eum
657 3934 800 4001 ahcuhi‘l
820 3973 863 3986 -

356 4046 457 4112 Immo
480 4049 574 4112 verul
612 4045 696 4113 Nam
725 4065 952 4131 componamus
975 4066 1047 4112 cum
1075 4050 1187 4111 nostro
1213 4042 1382 4110 iocosum

255 4158 311 4242 qui
333 4163 441 4225 exstat
455 4159 514 4227 XV
537 4165 566 4224 7.
582 4163 695 4239 e-‚-10.
739 4158 861 4225 Narrat
879 4155 1102 4238 Athanasium,
1125 4157 1320 4242 ‘episcopum
1343 4178 1382 4223 eo

254 4275 401 4362 tempore
435 4271 523 4362 apud
554 4270 804 4352 Alexandriam’,
839 4289 899 4358 per
934 4268 1091 4356 synodum
1127 4289 1147 4335 a
1180 4274 1383 4336 sacramanto
