2956 4950
539 414 753 486 ³:33*

181 590 282 659 Simili
305 593 399 657 modo
423 594 570 677 queritur
591 593 729 657 XXVIII
749 601 777 657 4.
803 599 856 658 14:
880 590 1021 677 ‘qnidam
1044 586 1206 660 detestan-

77 711 127 771 tes
163 712 199 769 ut
228 727 350 769 venena
379 704 543 768 doctrinas
573 707 755 770 Iuvenalem
793 711 825 770 et
862 705 999 770 Marium
1030 705 1207 771 Maximum

81 818 241 882 curatiore
263 817 370 881 studio
392 815 504 899 legunt
526 816 614 882 nulla
643 817 805 881 volumina
826 822 956 900 praeter
977 817 1059 882 haec
1079 819 1111 882 in
1133 839 1207 902 pro-

78 928 177 994 fundo
194 929 259 993 otio
279 933 516 993 contrectantes
538 929 603 993 ...'.
648 930 763 1011 Itaque
782 929 890 993 studia
905 928 970 1008 illa,
993 950 1076 1013 quae
1092 929 1206 994 laudat

77 1042 287 1124 nominatque
303 1040 406 1105 ‘seria’
421 1039 544 1125 (xiva
557 1041 609 1125 18)
625 1061 688 1105 non
706 1041 885 1106 consistunt
898 1041 931 1104 in
946 1040 1089 1124 legendis
1101 1043 1206 1126 poetis

79 1153 356 1238 scriptoribusque
371 1152 554 1231 levioribus,
569 1153 625 1217 sed
640 1154 673 1217 in
686 1152 870 1217 lectitandis
888 1154 1040 1237 operibus
1055 1154 1206 1236 gravibus

78 1273 176 1348 atque
199 1265 343 1330 ‘sobriis’.
389 1265 540 1329 Veterum
557 1265 631 1329 libri
649 1264 773 1329 colendi
789 1272 871 1344 sunt,
895 1266 1093 1349 ‘subagreste
1115 1267 1202 1350 inge·

77 1379 165 1442 nium
188 1377 282 1441 nullis
305 1377 475 1441 vetustatis
500 1376 692 1441 lectionibus
722 1376 907 1460 expolitum'
936 1378 1043 1461 (XXX
1065 1383 1094 1443 4.
1119 1379 1152 1463 2)
1177 1379 1206 1443 ei

77 1488 217 1554 ludibrio
235 1493 284 1553 cst
296 1489 330 1570 ¹).
375 1490 480 1571 Atque
500 1494 538 1553 ut
560 1489 602 1552 sit
623 1489 683 1553 tihi
701 1510 890 1573 persuasum
908 1489 1016 1554 studia
1038 1490 1094 1555 illa
1113 1511 1208 1574 prae·
1265 1471 1266 1476 ἵ

79 1602 172 1684 cipue
201 1600 424 1684 philosophica
458 1621 529 1665 esse
560 1601 707 1666 conferas
738 1623 821 1684 quae
850 1600 1026 1685 Michae12)
1057 1601 1136 1668 dicit
1168 1590 1208 1667 de

79 1713 193 1778 studiis
217 1713 285 1777 eius
308 1718 406 1795 atque
426 1714 605 1777 imitatione
629 1713 791 1777 Ciceronis
812 1735 842 1796 p.
866 1720 885 1778 9
917 1714 1065 1779 ‘Maxime
1088 1715 1209 1778 Ammi-

79 1846 160 1889 anus
183 1825 345 1889 Ciceronis
375 1826 565 1908 sapientiam
597 1825 776 1889 admiratus
797 1830 973 1909 praecepta
994 1827 1208 1908 institutaque

78 1936 369 2020 philosophiae
394 1936 435 2000 ab
459 1957 496 2000 eo
519 1936 642 2000 tradita
662 1937 768 2000 animo
791 1957 849 2001 suo
865 1937 1047 2020 impressit,
1071 1943 1207 2020 atquae

78 2055 256 2131 sequuntur
286 2068 388 2131 usque
417 2048 459 2112 ad
488 2068 560 2132 pag.
592 2054 637 2113 15.
695 2047 786 2112 Unde
820 2054 957 2132 apparet
985 2049 1208 2114 Marcellinum

77 2161 223 2225 hausisse
246 2181 285 2225 ex
306 2160 467 2224 Ciceronis
488 2160 579 2225 libris
602 2161 816 2242 cognitionem
840 2181 911 2225 cnm
934 2162 1062 2244 linguae
1085 2161 1206 2226 latinae

78 2278 147 2337 tum
170 2272 389 2336 doctrinarum
412 2272 717 2356 philosophicarum.

181 2384 230 2448 Ad
260 2384 496 2477 philosophiam
534 2384 632 2466 igitur
664 2385 808 2467 cogimur
843 2384 925 2449 haec
953 2406 1080 2469 quoque
1109 2385 1209 2454 rerba

78 2495 215 2561 referre:
248 2496 356 2561 XXIX
380 2502 407 2560 2.
433 2501 472 2561 18
504 2502 532 2560 ‘o
563 2497 733 2580 praeclara
763 2495 948 2561 informatio
980 2499 1208 2579 doctrinarum,

79 2629 212 2673 munere
235 2609 368 2673 caelesti
395 2608 521 2673 indulta
547 2607 710 2688 felicibus,
739 2629 823 2691 quae
850 2609 900 2674 vel
922 2610 1053 2676 vitiosas
1075 2616 1209 2676 naturas

79 2741 177 2804 saepe
206 2720 390 2785 excoluistil
494 2726 531 2785 ut
558 2721 720 2804 sapientes
751 2720 908 2785 definiunt
938 2722 995 2786 ...’
1027 2725 1124 2807 (quae
1148 2723 1206 2787 Mi-

80 2831 173 2896 naei
199 2855 229 2915 p.
255 2839 294 2897 14
323 2833 377 2896 sc.
411 2817 842 2912 somniculosos
873 2835 1016 2917 1,2,7).
1060 2836 1141 2899 uem
1165 2835 1208 2900 ac

81 2944 267 3009 Ciceronem
285 2950 321 3008 ut
340 2943 566 3027 philosophum
583 2950 710 3028 spectat
726 2943 818 3008 XXX
834 2951 862 3009 8.
882 2951 920 3009 14
945 2953 961 3009 ‘.
974 2996 1001 3010 ..
1023 2952 1060 3011 ut
1083 2947 1209 3029 sapien·
1235 2923 1238 2929 ¹

79 3061 129 3121 tes
148 3056 264 3121 docent
286 3055 342 3120 ...'
365 3055 517 3139 (Michael
537 3055 874 3141 p.9=adQu.fr.l
899 3063 925 3120 1.
943 3063 971 3124 8.
994 3060 1057 3141 24).
1101 3059 1206 3122 Eiam

80 3169 119 3233 de
142 3168 337 3233 divinatione
359 3166 455 3232 affert
477 3168 640 3234 Ciceronis
662 3169 854 3233 sententiam
877 3168 953 3234 XXI
978 3175 1004 3233 1.
1030 3175 1078 3250 14,
1111 3176 1209 3253 atque

79 3281 148 3346 sim.
172 3281 311 3363 saepius.

182 3393 296 3475 Itaque
324 3393 357 3456 in
393 3393 508 3457 studiis
538 3392 601 3456 illis
633 3413 717 3475 quas
745 3394 852 3476 poscit
880 3392 1118 3476 philosophiam
1145 3413 1208 3459 non

78 3504 227 3568 ultimum
248 3504 354 3568 locum
386 3504 532 3569 obtinere
561 3526 620 3569 nos
643 3504 913 3570 demonstravisse
935 3525 1110 3588 speramus.
1155 3506 1208 3571 vi·

185 3712 209 3779 1)
228 3709 292 3765 Non
317 3711 414 3766 inutile
438 3728 497 3766 esse
523 3712 643 3767 arbitror
667 3711 815 3771 discrimen
842 3711 909 3764 illud
934 3711 1057 3766 indicare
1076 3711 1149 3779 quod
1168 3715 1211 3766 est

80 3797 156 3851 inter
175 3796 315 3852 Ammiani
341 3802 370 3851 ct
392 3797 482 3851 Taciti
510 3798 544 3851 de
563 3796 737 3867 philosophia
754 3797 913 3851 sententias.
948 3795 1019 3850 Nam
1036 3796 1209 3866 Ammianus,

79 3882 153 3937 XIV
168 3886 191 3936 6.
214 3886 243 3937 1:
263 3882 375 3938 ‘Orfitus
455 3883 601 3952 splendore
617 3883 773 3937 liberalium
791 3883 980 3936 doctrinarum
996 3883 1110 3936 minus
1128 3901 1210 3951 quam

80 3970 242 4024 nobilem
268 3970 448 4024 decuerat
470 3967 636 4036 institutns’3
662 3973 759 4022 contra
777 3969 904 4022 Tacitus:
930 3966 1080 4038 Agricolae
1099 3986 1159 4038 cap.
1176 3973 1208 4023 4:

80 4057 118 4109 ‘se
196 4056 318 4110 studium
329 4055 519 4126 philosophiae
534 4056 632 4123 acrius,
650 4055 847 4124 ultraquam
862 4070 1073 4109 concessum
1083 4052 1210 4108 Romano

64 4141 113 4196 'ac
132 4142 315 4210 senatori,
333 4141 472 4195 hausisse'.

182 4228 209 4295 2)
236 4225 280 4281 De
307 4227 447 4282 Ammiani
471 4225 626 4281 Marcellini
658 4226 756 4280 studiis
781 4225 976 4280 Ciceronianis.
1020 4224 1093 4280 Dius.
1118 4227 1209 4297 inaug.

80 4312 156 4383 phill.
175 4331 256 4381 quam
274 4315 393 4382 scripsit.
472 4313 557 4383 Hugo
575 4312 703 4367 Michael.
739 4311 920 4366 Vratislaviae
941 4315 1014 4365 1874.

988 4399 1005 4450 3
