2956 4950
629 423 842 498 3494

279 601 373 667 Aliud
394 603 616 685 gravissimum
632 609 855 687 argumentum
877 603 939 668 hoo
957 604 1049 669 nobie
1072 625 1141 670 esse
1158 599 1299 671 videtur!

174 715 315 799 scriptor
345 714 401 797 qui
430 715 605 779 sententias
632 714 767 780 aliorum
799 715 864 780 sive
899 716 933 779 in
961 715 1202 781 narrationibus
1231 716 1299 781 siva

173 827 208 890 in
236 824 425 891 excursibus
459 823 602 890 referens
638 826 747 909 plures
778 826 906 910 quidem
943 826 1020 893 deos
1059 827 1151 907 dicit,
1189 828 1299 892 statim

175 943 292 1017 autem,
313 936 369 1002 ubi
391 937 469 1019 quid
487 938 557 1020 ipse
578 943 709 1002 censeat
724 937 810 1018 dicit,
832 960 931 1004 unum
947 938 1043 1004 deum
1061 928 1298 1021 commemorat

174 1070 280 1115 nonne
303 1055 415 1134 aperte
437 1050 465 1114 is
488 1049 582 1114 docet
604 1049 707 1133 ipsum
732 1071 765 1115 se
787 1072 886 1116 unum
909 1051 1003 1117 deum
1027 1051 1156 1117 colere?

276 1163 327 1227 Ita
348 1183 400 1227 res
423 1182 457 1225 se
487 1160 587 1226 habet
616 1161 702 1245 apud
730 1164 940 1229 Ammianum.
984 1163 1068 1229 Nam
1096 1171 1129 1230 et
1158 1163 1197 1229 (16
1221 1163 1301 1229 divi-

154 1275 303 1359 natione
333 1295 430 1357 agens
459 1273 537 1337 dicit
559 1274 635 1338 XXI
666 1279 734 1341 1.9
767 1275 902 1340 ‘volatus
934 1276 1041 1341 avium
1069 1275 1179 1359 dirigit
1201 1264 1299 1356 deun’,

176 1435 222 1450 ...
245 1391 343 1450 ‘amat
364 1387 447 1451 enim
460 1373 644 1469 benignitas
660 1374 799 1451 numinis
819 1411 884 1469 ...3
907 1392 940 1452 et
962 1387 1002 1452 (16
1019 1387 1147 1453 Nemesi
1162 1387 1237 1452 XIV
1252 1392 1299 1453 11.

175 1502 214 1564 25
238 1499 297 1563 ‘ius
319 1497 480 1580 quoddam
503 1497 638 1563 sublime
660 1498 798 1564 numinis
819 1497 968 1565 efficacis’
992 1520 1089 1583 quam
1108 1500 1300 1565 sententiam

174 1631 283 1676 veram
299 1610 457 1674 Ammiani
478 1609 579 1675 videri
602 1631 701 1694 supra
722 1634 752 1695 p.
773 1617 811 1678 39
828 1617 861 1677 et
873 1616 915 1677 40
936 1611 1141 1677 ostendimus.
1185 1612 1300 1695 Itaque

175 1722 201 1787 si
224 1743 263 1787 ex
286 1722 446 1788 sententia
467 1723 627 1787 Ammiani
649 1724 772 1788 numini
802 1701 922 1789 estius
944 1723 1135 1804 ulciscendi,
1166 1723 1301 1803 iustitia,

175 1854 238 1899 non
266 1833 395 1918 phrasis
423 1835 551 1918 poetica
579 1840 628 1900 est
659 1835 739 1900 illud
769 1836 857 1920 (XIV
882 1843 928 1901 ll.
954 1837 1023 1921 24),
1060 1835 1127 1901 ‘sed
1157 1835 1302 1919 vigilavit

174 1946 348 2030 utrubique
371 1947 501 2030 superni
517 1947 655 2011 numinis
671 1948 836 2030 aequitas’.
873 1948 944 2027 Qua
959 1947 998 2012 de
1014 1968 1114 2012 causa
1133 1949 1197 2012 iam
1221 1938 1301 2012 alios

175 2079 303 2143 qnoque
324 2059 412 2123 locos
431 2059 639 2143 interpretari
655 2080 834 2142 possumus,
856 2065 893 2124 ut
915 2059 1024 2124 XXIX
1039 2065 1067 2124 2.
1092 2065 1148 2125 20:
1167 2057 1301 2125 '‘inconi-

173 2192 250 2236 vens
272 2171 419 2236 Iustitiae
442 2171 553 2236 oculus
576 2170 699 2236 arbiter
729 2176 761 2236 et
790 2171 906 2237 vindex
927 2177 1104 2256 perpetuus
1125 2191 1234 2236 rerum
1255 2171 1301 2235 ri·

175 2283 286 2366 gilavit
308 2283 439 2348 adtente
464 2303 603 2366 namque
626 2305 793 2349 caesorum
815 2283 948 2348 ultimae
971 2274 1076 2364 dirae,
1109 2288 1301 2368 perpetuum

173 2416 290 2460 numen
321 2396 446 2460 ratione
477 2397 681 2479 querelarum
709 2396 886 2462 iustissima
915 2400 1167 2475 commoventes,
1196 2394 1302 2461 Bello-

173 2526 234 2573 nae
257 2507 473 2573 accenderant
494 2508 591 2573 fuces'
615 2531 680 2590 ...;
715 2507 828 2590 Neque
858 2509 942 2573 enim
964 2507 1093 2574 ‘oculus’
1117 2528 1222 2590 neque
1245 2507 1302 2573 ‘di-

173 2620 238 2684 rae'
260 2640 365 2703 neque
394 2619 500 2686 ‘faces’
523 2620 716 2686 verbotenus
735 2620 879 2705 intellegi
899 2625 1043 2705 possunt.
1088 2620 1209 2685 Tamen
1232 2610 1301 2684 sen-

173 2732 295 2797 tentiae
325 2733 534 2816 supponenda
571 2738 621 2799 est
651 2733 830 2817 propositio
859 2734 1002 2799 iustitiae
1031 2732 1186 2813 numinis,
1225 2732 1303 2799 iusti

174 2865 282 2909 rerum
304 2843 519 2910 humanarum
540 2845 715 2929 regiminis.
1170 2834 1173 2839 ¹

299 2958 405 3040 Atque
443 2957 485 3022 ad
522 2957 659 3023 alterum
699 2962 924 3042 argumentum
958 2961 1090 3041 praeter
1122 2956 1229 3021 locum
1262 2954 1302 3019 (16

176 3067 303 3134 Nemesi
327 3074 475 3152 agentem
497 3068 567 3153 (ubi
597 3075 777 3135 ceterorum
801 3069 1005 3154 opinionibus
1028 3069 1201 3153 opponitur
1222 3066 1303 3132 illud

176 3181 235 3246 ‘ius
263 3180 424 3264 numinis’)
454 3180 534 3246 duos
562 3183 650 3247 locos
681 3181 864 3248 afferimus:
894 3203 1064 3247 excursum
1095 3181 1179 3246 enim
1207 3200 1303 3263 quem

175 3294 241 3358 iam
270 3293 587 3360 commemoravimus
617 3293 656 3359 de
688 3294 884 3360 divinatione
918 3281 1047 3360 exstare
1076 3293 1153 3358 XXI
1180 3313 1250 3376 cap.
1284 3296 1300 3357 l

176 3408 208 3492 (§
232 3412 271 3471 14
291 3426 331 3470 ex
353 3405 515 3471 Ciceronis
547 3407 721 3472 sententia:
752 3407 853 3490 ‘signa
883 3405 1095 3472 ostenduntur
1116 3426 1136 3470 a
1159 3404 1225 3486 dis;

176 3539 239 3584 non
255 3517 388 3583 deorum
404 3517 530 3583 natura’
553 3520 603 3604 §9
628 3538 667 3582 ex
684 3519 843 3584 Ammiani
866 3502 1042 3584 sententia:
1065 3517 1186 3600 ‘dirigit
1207 3516 1306 3598 deus3

175 3630 359 3715 benignitas
380 3629 559 3714 numinis');
582 3634 679 3714 atque
700 3631 807 3696 locum
828 3630 906 3694 XIX
929 3651 998 3714 cap.
1023 3635 1073 3710 10,
1094 3629 1304 3697 611166616-

176 3761 236 3807 nus
257 3762 395 3807 narrans
415 3741 525 3825 inopia
545 3742 781 3808 frumentorum
802 3743 986 3807 imminente
1005 3741 1206 3827 praefectum
1228 3741 1304 3805 Ter·

177 3854 293 3920 tullum
312 3853 363 3919 his
382 3853 489 3920 verbis
510 3853 598 3938 plebi
627 3854 782 3921 obiecisse
810 3855 963 3940 parvulos
990 3875 1065 3920 suos
1089 3852 1188 3919 filios:
1217 3854 1249 3939 (§
1271 3855 1304 3938 3)

177 3972 235 4047 ‘en
257 3967 378 4050 inquit,
410 3966 495 4032 cives
519 3968 617 4033 vestri
639 4004 681 4016 -
700 3967 815 4052 procul
841 3986 935 4032 omen
958 3966 1014 4031 dii
1037 3966 1192 4032 caelestes
1214 3986 1305 4031 aver·

177 4083 250 4144 tant
271 4078 322 4127 -’
344 4084 377 4143 et
399 4099 451 4162 66.
474 4100 552 4163 seq,
572 4116 615 4128 —
635 4080 706 4164 ipse
727 4081 775 4144 ita
795 4079 901 4162 pergit
922 4080 953 4164 (ᾖ
971 4077 1004 4161 4)
1032 4084 1181 4161 ‘moxque
1206 4077 1306 4142 divini

178 4191 315 4256 arbitrio
336 4191 528 4271 numinis,
551 4191 638 4276 quod
653 4193 746 4258 auxit
775 4190 816 4256 ab
841 4190 1044 4256 incunabulis
1068 4190 1203 4255 Romam
1232 4211 1305 4276 per·

1084 4322 1103 4374 4
