2956 4950
624 511 627 517 ⁴
734 412 945 476 -·ae-

378 583 494 665 ltaque
515 601 579 646 non
600 581 703 646 solum
721 580 870 664 vulgares
900 580 939 644 de
965 581 1066 663 geniis
1089 580 1254 663 opiniones
1276 578 1407 662 accepit

277 694 499 773 Marcellinus,
533 692 590 758 sed
625 693 722 758 etiam
756 691 965 776 philosophos
1000 691 1040 757 de
1069 691 1132 757 hac
1163 711 1199 756 re
1232 690 1405 756 consuluit.

276 807 397 872 Tamen
417 811 516 889 negat
537 805 742 870 Gimazanius
764 807 808 889 (6.
831 804 885 888 85)
907 825 979 869 eum
1000 824 1037 868 re
1059 824 1136 867 vera
1157 824 1196 868 ea
1218 823 1301 886 quae
1324 801 1407 866 dicit

277 916 318 983 de
340 917 441 1001 geniis
461 938 540 983 vera
560 916 733 1002 putavisse.
777 915 870 981 Certe
900 915 971 980 deri
999 916 1120 1000 potuit,
1150 920 1187 980 ut
1216 916 1407 979 Ammianus

276 1049 341 1096 uno
360 1030 432 1094 loco
461 1028 626 1113 opiniones
656 1027 792 1093 aliorum
820 1025 952 1093 afferret
979 1048 1060 1111 quas
1081 1027 1151 1111 ipse
1174 1047 1238 1091 non
1262 1025 1407 1111 putabat

276 1146 384 1207 rectas
398 1161 563 1224 verasque.
600 1139 665 1205 Sed
680 1159 919 1222 nonnumquam
935 1139 1032 1204 etiam
1048 1140 1157 1222 genios
1171 1144 1303 1222 agentes
1325 1137 1407 1203 facit

277 1253 470 1338 saepiusque
493 1273 548 1318 eos
569 1253 602 1318 in
624 1252 866 1317 narrationibus
889 1256 1125 1316 commemorat.

379 1364 506 1430 Nullius
535 1365 664 1447 quidem
696 1363 849 1428 momenti
879 1369 944 1443 est,
980 1363 1066 1446 quod
1104 1362 1208 1428 ‘Genii
1238 1363 1406 1447 templum‘

276 1482 506 1542 commemorat
526 1476 634 1540 XXIII
653 1482 679 1540 1.
700 1480 729 1555 6,
752 1476 882 1541 maioris
905 1476 970 1539 iam
987 1474 1074 1558 quod
1096 1476 1146 1559 (ut
1167 1475 1232 1540 iam
1247 1477 1406 1561 comperi-

277 1590 362 1674 mus)
385 1588 517 1671 Georgii
539 1588 681 1672 episcopi
703 1586 823 1652 dietum
846 1594 953 1670 ‘quam
982 1586 1038 1651 diu
1060 1587 1242 1671 sepulcrum
1263 1588 1325 1653 hoc
1347 1591 1407 1673 (sc.

277 1700 432 1785 templum
470 1700 577 1785 Genii)
610 1699 743 1764 stabit’?
782 1700 953 1783 vituperat.
1006 1699 1118 1782 Neque
1152 1720 1302 1782 magnam
1340 1703 1407 1766 rim

278 1812 484 1879 attribuimus
505 1811 585 1877 locis
615 1811 741 1877 duobus
761 1811 827 1876 his:
857 1811 915 1876 XV
937 1818 965 1876 8.
997 1816 1050 1875 21:
1084 1809 1270 1876 ‘salutarem
1304 1834 1408 1896 quen·

279 1926 353 1991 dam
383 1925 511 2008 genium
543 1922 722 1989 adfulsisse'
756 1923 890 2007 (clamat
922 1922 1046 2008 plebs);
1084 1929 1116 1988 et
1149 1924 1255 1989 XXIV
1285 1930 1313 1989 2.
1347 1931 1408 1992 21:

277 2037 371 2103 idem.
416 2036 479 2102 Sed
503 2035 590 2119 quod
612 2039 719 2103 exstat
738 2035 812 2099 XVI
827 2040 874 2099 12.
894 2040 932 2099 13
955 2035 1116 2100 ‘salutaris
1140 2036 1271 2120 quidam
1292 2038 1409 2120 genius

277 2170 431 2235 praesens
453 2149 495 2213 ad
516 2147 731 2213 dimicandum
754 2169 808 2213 eos
898 2147 1064 2212 incitabat'
1088 2149 1140 2212 vix
1160 2148 1265 2232 figura
1278 2155 1409 2216 tantum

279 2260 407 2328 dicendi
427 2281 497 2327 esse
519 2265 635 2345 potest.
679 2261 784 2343 Atque
814 2265 946 2344 praeter
967 2260 1044 2325 XXI
1070 2266 1117 2327 14.
1141 2266 1159 2325 2
1190 2261 1304 2326 duobis
1326 2263 1410 2329 locis

278 2379 431 2440 narratur
453 2372 580 2456 genium
602 2372 761 2456 quendam
783 2372 885 2437 visum
915 2393 1002 2437 esse:
1030 2373 1090 2437 XX
1114 2380 1141 2439 5.
1167 2378 1206 2438 10
1234 2379 1338 2439 ‘nocte

279 2509 338 2572 per
360 2486 501 2570 quietem
522 2485 664 2568 aliquem
684 2484 796 2562 visum,
818 2490 854 2548 ut
873 2483 1007 2549 formari
1021 2485 1133 2567 genius
1154 2485 1302 2570 publicus
1325 2486 1411 2554 solet

351 2597 495 2679 dixisse’3
522 2602 556 2662 61
584 2597 674 2662 XXV
697 2602 726 2661 2.
750 2600 767 2660 3
791 2595 966 2678 (Julianus)
989 2602 1109 2662 ‘somno
1201 2597 1335 2682 depulso

280 2710 360 2777 vidit
384 2708 561 2792 squalidius
665 2709 804 2793 speciem
833 2708 922 2773 illam
952 2709 1038 2792 genii
1066 2708 1204 2792 publici,
1237 2731 1334 2794 quam

281 2821 448 2907 conspexit
466 2820 500 2885 in
515 2819 637 2900 Galliis,
659 2820 767 2885 velata
790 2841 861 2885 cum
879 2821 984 2904 capite
1005 2822 1201 2904 cornucopia
1217 2843 1276 2906 per
1289 2823 1410 2889 aulaea

279 2934 404 3001 tristius
432 2932 666 2998 discedentem'.
712 2932 830 2998 Genios
859 2931 996 3016 denique
1023 2932 1088 2998 dici
1114 2932 1190 2998 XXI
1215 2940 1242 2999 1.
1265 2940 1284 2999 8
1312 2957 1409 3002 nemo

281 3050 330 3112 est
351 3045 407 3129 qui
427 3049 539 3129 neget:
567 3049 610 3111 ‘et
639 3045 869 3111 substantiales
891 3049 1070 3129 potestates
1099 3046 1166 3110 ritu
1187 3046 1313 3112 diverso
1335 3048 1407 3131 pla·

281 3163 383 3238 catae,
405 3156 493 3222 velut
513 3177 553 3221 ex
574 3157 739 3242 perpetuis
761 3157 898 3223 fontium
926 3158 1033 3237 venis,
1053 3158 1194 3223 vaticina
1215 3159 1410 3226 mortalitati

280 3269 489 3355 suppeditant
509 3267 609 3335 verba
630 3269 694 3335 ...'.

382 3381 512 3465 Itaque,
545 3381 696 3464 quoniam
724 3387 758 3448 et
787 3382 972 3448 describens
1002 3382 1169 3465 geniorum
1196 3389 1347 3449 naturam
1376 3391 1412 3452 61

280 3515 417 3560 6666666
435 3513 490 3558 666
519 3514 616 3578 saepe
645 3493 827 3559 hominibus
857 3494 999 3559 adfuisse
1030 3495 1140 3578 genios
1171 3504 1411 3579 commemorat,

280 3628 344 3672 non
365 3605 522 3671 habemus
545 3605 631 3688 quod
651 3606 853 3670 Ammianum
875 3627 944 3672 esse
967 3608 1077 3690 genios
1100 3607 1232 3673 eredere
1247 3629 1411 3691 negemus.

281 3716 384 3784 Simili
406 3715 501 3782 modo
524 3717 621 3782 etiam
642 3717 792 3783 Nemesin
815 3718 959 3802 appellat
974 3720 1102 3802 genium
1117 3718 1191 3784 XIV
1215 3724 1262 3784 11.
1286 3726 1324 3786 25
1348 3722 1413 3794 ‘vel

280 3835 318 3895 61
339 3829 496 3894 deliniunt
517 3828 573 3893 alii
595 3829 817 3894 substantialis
848 3830 952 3895 tutela
975 3830 1118 3913 generali
1139 3831 1287 3914 potentia
1306 3835 1412 3916 parti·

280 3942 365 4007 libus
395 3940 584 4025 praesidens
612 3941 706 4006 fatis’.
758 3940 821 4005 Sed
851 3942 883 4006 in
919 3942 981 4007 hoo
1008 3943 1079 4026 ipso
1107 3943 1178 4007 loco
1209 3942 1412 4013 offendimus.

282 4052 364 4118 Nam
384 4074 580 4137 quamquam
600 4053 709 4137 genios
731 4053 800 4117 fata
813 4060 960 4135 regentes
976 4055 1065 4135 facit,
1089 4061 1197 4119 tamen
1215 4076 1278 4121 666
1296 4063 1412 4141 aperte

282 4165 361 4230 dicit
383 4185 416 4231 se
437 4165 588 4230 Nemesin
613 4165 647 4229 in
675 4186 809 4230 numero
834 4167 999 4247 geniorum
1029 4166 1156 4232 ducere.
1201 4168 1300 4232 Addit
1324 4170 1413 4237 enim

286 4281 324 4342 nt
353 4276 509 4342 definiunt
538 4276 611 4341 alii’.
656 4277 739 4342 Hinc
770 4277 812 4342 ad
840 4298 911 4343 eam
944 4279 1166 4362 quaestionem
1195 4281 1413 4368 pervenimus,
