2956 4950
637 424 850 495 ⁴31-

180 620 252 666 eum
273 596 482 686 philosophos
508 601 600 685 parvi
622 597 810 667 aestimasse
832 621 872 666 ex
899 599 964 665 illis
992 599 1120 683 quidem
1144 599 1223 664 locis
1244 618 1308 664 uon

180 714 336 798 sequitur.

280 825 417 891 Prorsus
448 817 555 891 autem
588 846 679 892 error
709 824 888 891 Gimaranii
917 823 1118 889 convincitur
1144 822 1196 888 his
1224 843 1307 907 quac

179 942 373 1021 sequnntur:
410 938 497 1022 Ipse·
524 938 608 1003 enim
648 937 855 1003 Marcellinus
888 936 1048 1003 Iulianum
1085 934 1308 1019 philosophiae

181 1049 288 1114 studio
311 1049 455 1115 deditum
469 1049 568 1115 fuisse
585 1069 710 1115 summa
729 1048 827 1114 laude
848 1052 1094 1113 commemorat:
1116 1047 1191 1113 XVI
1201 1055 1228 1113 5.
1244 1055 1306 1112 5—

182 1166 235 1227 lo:
258 1168 301 1226 ‘et
321 1162 510 1228 incredibile
533 1182 597 1245 quo
619 1166 804 1246 quantoque
819 1161 936 1226 ardore
950 1159 1176 1244 principalium
1199 1180 1307 1225 rerum

178 1274 325 1338 notitiam
348 1274 466 1339 celsam
488 1274 645 1356 indagans
740 1294 799 1358 per
828 1273 936 1339 omnia
963 1271 1188 1357 philosophiae
1210 1293 1308 1336 mem-

178 1385 239 1451 bra
333 1384 495 1451 currebat*
518 1388 549 1472 (ᾖ
567 1388 609 1471 6).
638 1424 680 1433 -
702 1391 744 1450 ‘et
765 1385 848 1450 haee
869 1384 999 1467 quidem
1012 1384 1189 1469 pudicitiae
1207 1385 1307 1448 virtu-

179 1505 312 1580 tumque
334 1503 409 1563 sunt
426 1499 517 1581 algua
537 1490 704 1564 nocturna’
727 1498 759 1582 (ᾗ
777 1497 820 1580 8).
836 1534 879 1545 -
894 1496 1123 1582 ‘philosophus’
1139 1535 1181 1544 -
1197 1498 1228 1581 (ς
1246 1497 1307 1578 10).

181 1613 286 1692 Atque
313 1609 525 1696 philosophus
552 1611 606 1676 ille
636 1610 813 1689 Maximus,
844 1613 1076 1693 quamproptar
1106 1609 1310 1692 vituperatur

179 1722 322 1788 Iulianus
343 1722 437 1787 XXII
460 1729 487 1788 l.
512 1728 530 1788 3
553 1729 587 1788 et
608 1724 664 1807 qui
686 1728 736 1788 est
755 1723 841 1787 iuter
861 1721 934 1786 illos
956 1720 1064 1787 XXIII
1087 1728 1115 1787 5.
1142 1726 1178 1786 ll
1203 1720 1307 1805 philo·

178 1833 297 1918 sophos
317 1841 462 1917 ‘quorum
484 1835 662 1901 aumentas
685 1834 751 1914 ...’‚
775 1833 860 1899 idem
884 1838 1154 1899 commemoratur
1174 1832 1265 1898 XXV
1289 1837 1307 1896 3

179 1951 228 2025 23,
251 1945 307 2011 nbi
331 1946 518 2012 Ammianus
540 1951 678 2013 mortem
699 1946 816 2013 Iuliani
843 1951 881 2011 ut
900 1944 1103 2029 praeclaram
1125 1950 1158 2010 et
1178 1945 1306 2009 Imitan-

179 2056 252 2122 dam
274 2057 443 2124 describit:
486 2059 639 2125 ‘Iulianus
659 2077 731 2124 oum
755 2058 895 2124 Maximo
918 2063 952 2123 et
973 2057 1084 2123 Prisco
1106 2055 1306 2143 philosophis

178 2190 275 2254 super
295 2171 474 2236 animorum
497 2169 697 2237 sublimitate
718 2168 904 2256 perplexius
920 2168 1089 2253 disputans
1113 2218 1139 2233 ..
1160 2168 1178 2233 ’.
1223 2169 1306 2249 QuIn

178 2282 292 2362 etiam,
320 2303 361 2347 ne
390 2281 462 2349 laus
493 2282 622 2367 quidem
651 2282 742 2349 deest
773 2281 872 2366 plana
902 2281 971 2346 eius
1001 2287 1100 2363 atque
1127 2282 1306 2364 praeclara.

178 2393 261 2459 Nam
283 2393 390 2459 XXIX
415 2400 442 2460 1.
464 2400 505 2460 42
528 2399 642 2460 narrat
662 2416 735 2461 enm
757 2395 873 2481 capitis
894 2394 1082 2460 damnatum
1104 2412 1191 2472 esse:
1229 2392 1308 2457 ‘Ma-

176 2505 282 2571 ximus
300 2506 355 2571 ille
371 2506 593 2592 philosophus,
614 2506 663 2572 vir
678 2507 800 2589 ingenti
821 2507 950 2573 nomine
963 2504 1193 2583 doctrinarum,
1217 2505 1308 2568 ouius

178 2638 217 2682 ex
232 2616 406 2683 uberrImis
426 2617 629 2685 sermonibus
650 2619 693 2684 ad
708 2619 874 2685 scientiam
898 2618 1060 2702 copiosius
1085 2616 1228 2681 Iulianus
1252 2636 1306 2680 ex-

177 2730 245 2795 titit
266 2730 452 2815 imperator,
546 2732 647 2799 sensit
669 2730 805 2796 docente
826 2730 970 2817 periculo
993 2736 1156 2814 postremo
1179 2729 1305 2813 quaesi-

176 2843 256 2908 toris
278 2843 482 2926 iniquitatem
503 2842 651 2909 omnibus
674 2862 744 2909 esse
761 2842 950 2909 criminibus
965 2841 1165 2926 graviorem’.
1209 2842 1305 2907 Prae·

176 2960 227 3020 ter
255 2949 430 3022 Maximum
460 2955 516 3021 alii
554 2976 683 3039 quoque
711 2955 895 3041 philosophi
928 2954 1021 3021 multi
1055 2954 1123 3019 eius
1151 2953 1308 3037 temporis

176 3065 326 3132 laudibus
365 3066 561 3133 efferuntur:
598 3066 783 3152 Pasiphilus
819 3066 927 3132 XXIX
966 3073 992 3132 l.
1026 3071 1082 3147 363
1126 3065 1308 3130 Simonides

176 3178 283 3244 XXIX
314 3185 340 3245 l.
372 3184 430 3261 373
465 3179 649 3246 Demetrius
684 3179 822 3264 Chytras
850 3179 928 3244 XIX
960 3184 1008 3244 12.
1040 3183 1078 3242 12
1091 3178 1132 3261 ι);
1167 3177 1307 3262 Iphicles

175 3290 267 3356 XXX
289 3300 317 3357 ὁ.
340 3297 376 3373 8;
408 3291 472 3357 alii.
517 3292 694 3376 Epigonius
723 3297 850 3372 autem,
880 3290 936 3375 qui
966 3296 1138 3356 accusatus
1166 3289 1255 3375 (XIV
1279 3295 1307 3354 7.

179 3405 231 3488 18)
266 3405 388 3469 ‘mortis
407 3410 496 3470 metu
518 3403 648 3470 admoto
678 3404 768 3490 turpi
795 3403 995 3469 confessione
1017 3402 1231 3487 cogitatorum
1255 3423 1306 3467 so-

175 3517 277 3596 cium,
315 3537 398 3600 quae
426 3517 516 3582 nulla
545 3522 654 3596 eraut,
687 3516 787 3582 fuisse
817 3514 1022 3595 firmaverat,
1053 3515 1184 3580 ‘amictu
1212 3519 1307 3580 tenus

174 3627 394 3713 philosophus’
423 3629 607 3694 nominatur
638 3628 725 3713 (XIV
744 3635 772 3695 9.
789 3631 831 3713 5).
875 3628 988 3693 Nonne
1020 3626 1071 3692 his
1092 3626 1200 3692 vorbis
1222 3625 1305 3692 dilu-

174 3740 246 3806 cide
268 3741 460 3806 seutentiam
483 3761 574 3806 snam
602 3740 728 3825 prodit:
758 3739 943 3825 philosophi
971 3759 1042 3805 esse
1071 3739 1200 3805 fortiter
1220 3759 1305 3804 mor·

175 3857 240 3918 tem
276 3853 408 3919 subire?
457 3853 522 3918 Sed
550 3872 626 3917 num
659 3857 768 3938 potest
802 3851 875 3918 laus
903 3850 1017 3917 melior
1050 3844 1151 3917 tribui
1180 3852 1307 3916 muneri

173 3965 451 4050 philosophorum,
478 3985 575 4049 quam
599 3985 683 4049 quae
705 3968 813 4030 exstat
834 3964 884 4029 bis
910 3963 1037 4030 duobus
1058 3962 1147 4043 locis,
1171 3963 1226 4046 qui
1248 3984 1305 4047 op·

277 4147 304 4215 l)
321 4144 450 4200 Valesius
460 4149 541 4215 putat
560 4162 622 4200 eum
638 4145 720 4199 luisse
735 4145 877 4215 Cynicum,
896 4148 1051 4198 commotus
1068 4144 1160 4199 verbis
1178 4146 1303 4214 ‘corpora

174 4233 259 4286 durus
277 4235 306 4284 et
323 4231 430 4286 animo'.
465 4230 555 4285 Recte
574 4232 705 4300 fortasse:
729 4235 822 4310 tamen
839 4230 899 4285 fieri
917 4231 1000 4283 etiam
1018 4232 1119 4298 potest,
1137 4233 1169 4282 nt
1185 4229 1228 4282 his
1245 4245 1303 4281 ver·

173 4318 216 4373 bis
234 4319 383 4388 praecipue
403 4319 515 4372 laudare
534 4335 598 4372 enm
616 4318 754 4372 studuerit
771 4318 899 4386 scriptor.
