2956 4950
642 427 855 494 -4..

184 592 284 666 visse:
308 597 510 667 Ammianum
528 600 627 668 fuisse
641 622 704 668 non
720 601 939 683 christianum,
959 603 1016 668 sed
1027 623 1199 688 paganum,
1221 603 1308 671 simi-

101 731 104 738 ·
183 712 259 778 liter
288 734 326 778 ac
352 713 500 779 Julianus
535 713 648 796 fuerit;
678 735 750 780 eum
779 715 888 799 plures
915 735 985 781 esse
1021 715 1098 781 deos
1127 716 1309 784 credidisse.

183 824 251 890 Hos
279 831 388 891 tamen
414 846 478 890 non
508 825 637 892 eosdem
666 847 753 907 esse,
785 847 865 910 quos
897 826 1033 893 coluerit
1062 832 1153 893 vetus
1180 828 1310 913 religi03

184 937 264 1002 citat
285 936 558 1003 Burckhardtium
580 959 611 1022 p.
630 943 688 1004 40:
722 938 792 1004 ‘Die
813 937 947 1005 hoohsae
972 938 1119 1004 Gottheit
1144 961 1232 1005 muss
1253 940 1307 1006 bei

183 1047 245 1113 den
267 1049 402 1115 meisten
423 1049 529 1115 dieser
561 1052 712 1133 spiteren
734 1050 858 1116 Heiden
887 1049 957 1116 ihre
983 1055 1069 1116 erste
1091 1051 1308 1135 Eigensohnft

182 1160 323 1225 ntimlich
344 1162 396 1228 die
411 1159 674 1243 Persanliehkeit,
698 1182 738 1227 an
761 1162 813 1227 die
828 1161 1040 1245 Untergiitter
1058 1163 1125 1228 und
1141 1163 1308 1228 Dimoncn

181 1271 337 1356 abgebcn’
347 1274 382 1358 ¹).
432 1273 502 1338 ‘Dei
531 1278 639 1339 autem
675 1273 792 1358 singuli
824 1279 1009 1354 remanent,
1047 1275 1105 1340 sed
1141 1280 1308 1359 tamquam

181 1383 355 1467 qualitates
383 1405 444 1469 pro
471 1385 618 1471 personis
646 1383 789 1451 habitee’
819 1387 862 1471 (p.
885 1389 950 1472 40).
994 1386 1112 1452 ‘Etiam
1139 1387 1306 1452 Bellonam

181 1545 208 1561 ..
231 1495 346 1563 Furias
366 1546 393 1562 ..
415 1517 451 1564 re
480 1517 557 1563 vera
587 1498 665 1564 deas
691 1497 846 1564 habuerit
866 1518 997 1565 necesse
1021 1504 1087 1580 est,
1120 1518 1180 1565 nec
1201 1499 1307 1564 minus

180 1607 314 1674 Famam
340 1609 410 1675 etc?
439 1610 484 1695 (p.
508 1610 571 1694 26).
615 1609 687 1676 ‘Per
716 1609 892 1676 Fortunam
922 1616 1030 1676 autem
1060 1615 1093 1676 et
1121 1611 1307 1677 Adrastiam

181 1726 214 1787 et
234 1721 304 1788 fata
324 1721 413 1788 nullo
434 1721 503 1788 fere
523 1721 706 1789 discrimine
728 1723 798 1806 regi
816 1721 1029 1790 humanarum
1048 1743 1157 1789 rerum
1175 1728 1307 1790 eventus

179 1833 283 1918 puae
306 1835 348 1919 (p.
372 1835 437 1921 41).

281 1945 480 2013 Novissimus
510 1952 619 2013 autem
647 1947 772 2013 exstitit
799 1947 833 2013 in
854 1946 918 2012 hac
938 1967 974 2012 re
997 1946 1305 2033 Gimazaniusrg

180 2056 276 2123 homo
299 2057 414 2125 doctus
436 2058 707 2140 Franco-Gallus,
735 2059 791 2143 qui
820 2079 893 2125 cum
919 2058 960 2125 de
981 2057 1053 2124 aliis
1079 2063 1149 2125 tum
1171 2058 1212 2124 ds
1231 2058 1305 2125 reli·

181 2170 275 2253 gione
298 2170 459 2236 Ammiani
481 2177 580 2255 agens
602 2170 772 2238 nonnullas
797 2171 878 2237 alias
901 2170 1065 2256 opiniones
1085 2176 1183 2255 atque
1204 2171 1228 2235 ii
1250 2171 1306 2255 qui

179 2287 254 2347 aute
269 2303 343 2348 eum
357 2282 555 2368 scripserant
567 2282 713 2368 protulit.
756 2283 789 2350 Is
803 2284 887 2349 enim
902 2281 1109 2368 proficiscens
1130 2303 1170 2349 ex
1184 2282 1304 2348 iudicio

178 2393 266 2478 quod
297 2393 338 2461 de
365 2395 515 2461 universo
544 2395 704 2461 Ammiani
733 2395 862 2480 ingenio
889 2395 967 2461 fecit
993 2396 1036 2480 (p.
1060 2400 1117 2460 54:
1149 2395 1303 2460 ‘Ammien

177 2504 346 2572 Marcellin
372 2511 422 2573 est
452 2527 516 2573 une
541 2512 658 2574 nature
685 2506 808 2588 bonne,
840 2505 1015 2591 generense
1047 2505 1088 2572 et'
1108 2506 1229 2588 droitc‚
1259 2528 1304 2571 un

177 2617 343 2684 caractere
367 2618 478 2700 ferme,
500 2617 641 2685 honntte
655 2624 689 2685 et
704 2619 799 2705 loyal’
816 2621 900 2704 etc),
921 2623 1017 2704 putat
1034 2616 1106 2684 fieri
1117 2640 1183 2684 non
1198 2640 1304 2704 posse,

176 2735 214 2796 ut
236 2729 342 2812 homo,
365 2731 421 2815 qui
442 2736 510 2797 tam
530 2731 654 2798 alienus
677 2731 719 2797 ab
741 2731 889 2797 omnibus
913 2730 1170 2816 contemplativis
1187 2729 1303 2797 studiis

176 2862 232 2908 eas
253 2847 379 2909 tantum
409 2842 596 2928 disciplinas
625 2844 793 2929 amplexus
822 2843 879 2924 sit,
910 2864 994 2927 quae
1022 2842 1065 2908 ad
1095 2843 1195 2908 vitam
1220 2842 1303 2909 bene

176 2954 349 3039 gerendam
376 2960 523 3041 spectent
550 2956 595 3042 (p.
618 2960 659 3022 63
686 2955 715 3021 ‘l’
738 2956 840 3041 esprit
862 2955 901 3021 de
920 2955 1070 3022 l'homme
1091 2954 1132 3020 de
1155 2976 1237 3036 sens,
1261 2955 1300 3020 de

175 3066 327 3152 pratique
349 3087 384 3133 se
405 3072 555 3134 retrouve
577 3047 740 3154 bieures),
761 3072 867 3134 certas
888 3072 999 3151 partes
1019 3066 1188 3150 religiosas
1210 3087 1300 3133 secu·

174 3183 228 3245 tus
245 3179 287 3245 sit
306 3179 485 3273 (fpolitique
499 3178 640 3264 prudent
653 3184 687 3245 et
698 3179 837 3245 modere’
854 3180 898 3265 (p.
918 3180 996 3265 64)).
1038 3177 1302 3245 Christianus

177 3291 308 3375 quidem
330 3296 389 3373 est,
409 3296 519 3357 tamen
539 3295 713 3376 propterea
736 3297 879 3373 tentum,
902 3291 989 3376 quod
1010 3291 1117 3357 infans
1139 3291 1302 3376 baptisma

174 3403 309 3489 accepit.
353 3403 418 3469 Sed
439 3423 543 3488 neque
566 3403 644 3469 colit
664 3424 768 3488 neque
790 3404 888 3470 etiam
911 3403 1095 3470 accuratius
1116 3403 1206 3469 novit
1227 3403 1302 3469 reli·

174 3515 300 3599 gionem
322 3514 547 3597 christianam
580 3535 689 3582 omnes
718 3514 887 3601 religiosas
916 3515 1121 3601 quaestiones
1151 3514 1301 3600 neglegit.

276 3724 303 3793 1)
320 3722 349 3778 J.
367 3720 614 3777 Burckhardt:
641 3720 696 3777 Die
712 3720 775 3777 Zeit
793 3721 971 3777 Constantine
988 3722 1038 3777 des
1055 3720 1185 3776 Gruesen.
1220 3719 1302 3775 Bseel

174 3809 248 3862 1853.
284 3807 412 3879 (Leipzig
432 3809 519 3877 1880).
536 3839 569 3847 -
589 3808 664 3862 Ante
683 3826 746 3864 enm
763 3826 845 3878 quem
865 3808 975 3862 (lartius
993 3809 1062 3863 citat
1078 3808 1172 3862 locum
1192 3811 1302 3862 exstant

108 3939 114 3946 ,
171 3895 271 3950 verba:
300 3894 353 3949 ‘die
372 3894 515 3949 einzelnen
533 3893 633 3950 (letter
650 3895 774 3964 bleiben,
798 3912 878 3950 wenn
896 3894 968 3949 auch
984 3893 1063 3949 nicht
1080 3894 1172 3948 direlrt
1188 3893 1227 3947 nls
1245 3892 1301 3948 Da·

171 3997 287 4050 morien,
313 3997 344 4035 so
363 3978 437 4035 doch
453 3980 493 4034 als
511 3980 566 4036 fast
582 3979 742 4052 perstulich
758 3981 923 4051 gewordene
943 3979 1168 4051 Iligenechaften’
1187 3980 1222 4035 de
1242 3981 1300 4049 qui·

171 4068 224 4123 bus
241 4070 339 4136 postea
355 4065 486 4121 dicemus.

273 4154 300 4222 2)
318 4152 448 4207 Ammien
474 4151 635 4222 Marcellin,
662 4169 693 4207 sa
718 4153 761 4208 vie
787 4156 817 4207 et
842 4169 893 4207 son
918 4169 1033 4222 oeuvre,
1063 4151 1153 4207 These
1179 4170 1249 4223 pour
1274 4153 1299 4207 le

171 4238 300 4294 doctorot
318 4278 341 4295 ..
359 4256 409 4309 par
425 4238 501 4295 M.·1’
520 4237 603 4296 Abbe
620 4238 642 4294 J
649 4255 713 4294 ean
731 4238 930 4323 (dimanans.
966 4237 1104 4294 Tonlouse
1124 4241 1202 4315 1889„
