2956 4950
540 418 754 486 ..15-

81 593 228 680 iniquum
249 615 284 661 se
305 591 458 679 praebet:
473 592 594 660 ‘laudat
614 592 759 674 virtutes,
783 592 948 677 vituperat
969 591 1048 656 vitia
1061 589 1215 656 christia-

83 730 197 774 norum
226 727 291 772 non
312 727 404 772 secus
434 711 533 790 atquc
556 706 707 787 aliorum,
737 705 836 771 etiam
858 704 1059 770 inimicorum
1082 723 1208 769 eorum:

82 820 188 886 liceat
209 839 284 885 suos
304 818 420 901 cuique
450 818 584 884 credere
605 823 703 903 atque
725 817 832 883 colsrs
854 815 948 899 deos3
980 816 1022 881 ad
1049 835 1118 881 rem
1149 837 1209 901 pu·

82 931 202 998 blicam
223 929 450 1015 non'pertinst
470 926 593 1015 religio,
616 935 704 996 certe
725 929 833 1013 iurgia
853 927 1013 1013 religiosa

155 1303 194 1384 ιι.
248 1302 303 1384 οε
331 1299 888 1502 Ριωιικῧῇῶἲξῢὲοκυκ
918 1296 1063 1392 curru,
1091 1297 1146 1378 ur

189 1637 375 1703 Ammianus
397 1634 603 1702 Marcellinus
623 1635 723 1720 igitur
744 1634 883 1700 fortasse
905 1653 945 1698 ne
959 1632 1123 1717 baptisma
1144 1634 1214 1717 qui·

88 1747 161 1815 dem
183 1748 318 1833 accepit,
342 1754 429 1814 certe
452 1768 490 1814 eo
511 1752 656 1833 tempore
679 1767 743 1832 quc
765 1768 846 1833 opus
868 1765 961 1812 suum
983 1744 1128 1829 scripsit,
1150 1767 1214 1811 non

88 1861 282 1927 christianus
312 1861 383 1926 fuit.
433 1860 547 1926 Fuisse
579 1861 679 1945 igitur
707 1859 836 1925 videtur
861 1878 1017 1944 paganus.
1070 1855 1134 1923 Sed
1162 1859 1215 1923 cui

86 1993 286 2059 paganorum
319 1978 428 2039 sectas
459 1994 493 2038 se
526 1972 633 2058 ipsum
660 1971 828 2056 assignat?
880 1968 1125 2053 Sequebaturne
1160 1992 1214 2036 sos

87 2086 143 2170 qui
170 2085 294 2151 Iuliano
322 2088 455 2150 auctore
484 2088 626 2150 vetsrmn
657 2084 779 2150 cultum
814 2083 986 2150 restituere
1016 2082 1214 2149 studebant?

87 2197 290 2264 Credebatne
310 2196 421 2282 plures
442 2216 512 2262 esse
532 2195 633 2262 deos?

202 2307 473 2375 Proficiscendum
507 2308 627 2393 optime
663 2308 743 2374 mihi
778 2308 906 2378 uidetur
940 2309 1060 2390 iterum
1101 2307 1213 2374 eadem

87 2422 214 2488 ratione
236 2426 335 2506 atque
363 2421 397 2485 in
419 2441 563 2505 eaquae
587 2420 749 2486 antecedit
773 2419 870 2486 huius
892 2421 1089 2504 quaestionis
1111 2425 1216 2505 parte,

89 2534 131 2600 ab
154 2533 195 2598 iis
218 2553 302 2617 quae
332 2532 372 2598 ds
402 2531 555 2616 religione
586 2532 735 2614 deorum,
764 2533 804 2598 de
835 2531 924 2598 cultu
945 2535 1145 2617 paganorum
1167 2533 1215 2597 in·

88 2645 201 2730 primis
223 2644 341 2712 Iuliani
362 2644 449 2711 dicit.

192 2757 380 2843 Complures
405 2754 458 2823 dei
486 2763 618 2842 praeter
648 2756 822 2824 ‘caelestes’
857 2754 971 2842 (semel
999 2756 1106 2822 XVIII
1129 2761 1157 2822 3.
1180 2758 1214 2844 8)

90 2875 123 2937 et
144 2867 295 2936 ‘caelites’
319 2868 422 2954 (XXV
445 2874 473 2935 3.
499 2871 552 2955 17)
581 2890 708 2955 semper
736 2869 943 2955 appellantur
972 2872 1031 2935 aut
1059 2868 1130 2935 ‘dei’
1160 2873 1218 2935 aut

89 2981 249 3061 ‘numina'‚
264 2985 362 3065 atque
378 3002 460 3062 cum,
475 2986 513 3046 ut
528 2985 643 3067 postea
660 2981 848 3062 videbimus,
863 2981 897 3046 in
913 2980 1068 3065 singulari
1082 3002 1216 3047 numero

88 3094 174 3159 inter
189 3090 304 3158 ‘deum’
328 3097 361 3159 et
382 3091 517 3160 ‘numen'
541 3092 713 3160 discrimen
729 3092 892 3178 quoddam
908 3094 959 3173 sit,
978 3093 1098 3178 plurali
1114 3092 1217 3159 utitur

13 3256 15 3261 ·
90 3205 278 3272 Ammianus
300 3226 427 3290 semper
448 3205 517 3271 sine
536 3205 603 3271 ullo
625 3205 816 3272 discrimine.

192 3316 310 3399 Verba,
332 3336 416 3402 quas
438 3317 480 3383 ad
496 3322 638 3384 veterem
657 3317 790 3384 deorum
806 3319 928 3383 cultum
942 3316 1115 3402 pertinent,
1136 3317 1218 3383 haec

89 3433 180 3496 sunt:
202 3428 345 3495 ‘deorum
368 3430 482 3495 cultus’
505 3429 598 3494 XXII
620 3436 648 3496 5.
670 3435 706 3512 2;
730 3435 778 3495 11.
801 3436 838 3511 9;
858 3428 1017 3514 (deorum
1038 3429 1153 3496 cultns'
1174 3462 1217 3484 =

89 3541 172 3627 plur.
200 3541 309 3607 XXIII
336 3546 364 3607 6.
388 3542 460 3628 34);
488 3541 663 3608 ‘numinum
692 3542 806 3608 cultus'
838 3541 932 3607 XXII
954 3549 982 3608 5.
1008 3546 1041 3624 l;
1070 3541 1161 3608 XXV
1188 3548 1217 3607 4.

90 3658 148 3735 203
169 3652 312 3718 ‘deorum
335 3651 485 3732 cultores’
514 3654 592 3719 XXI
615 3659 643 3720 2.
665 3661 701 3736 43
729 3653 903 3740 (cultrices
924 3654 1069 3720 Veneris’
1089 3654 1166 3719 XIX
1191 3659 1217 3719 l.

92 3766 163 3850 11);
184 3764 326 3831 ‘deorum
348 3765 510 3830 antistites
532 3765 641 3831 XXIII
660 3771 688 3831 6.
703 3768 753 3831 24.
797 3765 933 3850 Saepius
954 3769 1107 3831 narratur
1129 3765 1218 3847 deos,

89 3876 141 3942 rel
170 3874 247 3943 deos
276 3877 434 3961 quosdam
464 3876 543 3943 coli:
573 3876 765 3942 ‘numinibus
796 3873 990 3962 supplicans'
1018 3877 1108 3943 XXV
1129 3882 1157 3942 2.
1181 3885 1218 3960 43

90 3995 181 4074 ‘pace
201 3990 366 4055 numinum
386 3988 527 4055 nondum
548 3989 692 4055 exorata’
715 3988 823 4055 XXIII
841 3996 869 4056 5.
891 3995 927 4071 43
950 3988 1131 4055 ‘obsecrata
1153 3990 1219 4056 ritu

90 4230 174 4285 miani
191 4228 304 4284 modum
321 4229 451 4284 narrandi
475 4235 505 4285 st
520 4229 660 4285 iudicandi
684 4248 741 4285 non
758 4247 818 4285 esse
835 4224 953 4285 hominis
971 4230 1045 4284 anxii
1063 4231 1108 4285 vel
1126 4231 1218 4286 edula·

89 4317 163 4386 tcrii
179 4316 229 4372 sed
246 4317 327 4386 acqui
342 4317 470 4387 iustique.
