2956 4950
633 364 843 424 „28-

171 529 205 594 id
228 530 314 613 quod
345 552 403 594 uos
434 530 685 614 ‘immanent’?);
717 536 750 594 et
771 529 848 594 XXI
873 535 941 595 1.ss
972 529 1212 595 ‘elementorum
1234 551 1304 594 om·

171 642 260 706 nium
283 642 434 725 spiritus'.

275 753 396 818 Eodem
419 775 508 818 more
530 753 769 837 philosophico,
799 760 897 837 atque
927 754 1052 832 Stoico,
1078 754 1201 837 Iupiter
1224 752 1305 817 defi-

172 867 260 931 nitur
282 865 383 948 ‘vigor
405 865 557 931 vivificus’
581 873 613 931 et
636 865 788 931 docemur
808 865 954 930 Themidi
975 871 1008 930 et
1027 887 1142 930 nomen
1164 864 1306 950 (confert

172 978 312 1061 scriptor
332 979 521 1064 τεθειμενα)
544 983 577 1044 et
592 976 790 1043 domicilium
808 976 1010 1061 a‘theologis
1024 977 1196 1043 veteribus'
1214 970 1305 1063 (Piri-

171 1090 270 1172 daro;
294 1089 417 1176 Olymp.
441 1089 516 1155 VIII
538 1091 593 1174 28)
615 1088 761 1155 additum
784 1110 862 1155 esse.

275 1202 335 1267 Dei
358 1206 520 1267 veteres
542 1201 641 1285 igitur
669 1222 733 1267 non
760 1202 910 1267 videntur
931 1200 1031 1267 fuisse
1054 1201 1106 1266 dei
1130 1202 1303 1266 Ammiani.

171 1315 255 1381 Huic
283 1326 411 1399 quoque
441 1333 559 1397 magna
589 1314 636 1378 vis
667 1318 716 1380 est
745 1314 968 1395 tribuendum,
1000 1313 1087 1397 quod
1116 1314 1305 1378 Ammianus

173 1426 336 1494 Ciceronis
358 1426 551 1492 sententiam
573 1425 762 1491 adverbum
780 1425 919 1490 afferens
940 1426 1050 1510 plures
1071 1425 1200 1509 quidem
1225 1426 1305 1492 deos

172 1540 318 1606 nominat
340 1537 432 1624 (XXI
457 1544 482 1602 1.
508 1538 577 1621 14),
600 1538 657 1604 sed
680 1543 777 1603 antea
798 1539 831 1602 in
852 1538 954 1623 ipsius
976 1537 1083 1602 verbis
1106 1537 1185 1603 dicit
1206 1536 1305 1603 ‘vola-

173 1658 226 1718 tus
248 1651 356 1716 arium
377 1650 489 1735 dirigit
510 1649 617 1716 Deus
640 1652 671 1736 (ξ
698 1652 732 1736 9)
755 1655 788 1715 et
808 1649 905 1735 paulo
926 1655 1001 1735 post
1022 1655 1121 1716 ‘amat
1141 1650 1224 1716 enim
1247 1649 1305 1715 be·

173 1765 313 1848 nignitas
336 1763 512 1828 numinis
535 1761 601 1827 ...’.
698 1745 701 1749 ’

273 1877 394 1942 Tamen
416 1874 572 1941 caelestes
584 1875 742 1958 quasdam
755 1879 934 1959 potestates
949 1879 1045 1960 putat
1058 1895 1128 1940 esse
1149 1875 1182 1939 iu
1205 1873 1301 1940 caelo

77 2029 78 2032 =
173 1989 225 2074 (of.
249 1989 347 2054 etiam
370 1987 506 2054 XXVIII
529 1994 557 2053 4.
580 1992 630 2068 24,
660 1986 715 2052 ubi
739 1987 999 2071 superstitionem
1022 1986 1224 2070 quorundam
1245 1987 1305 2051 ho-

171 2102 292 2166 minum
313 2099 453 2166 ludibrio
475 2100 593 2180 habet,
624 2101 680 2184 qui
709 2104 839 2182 ‘negant
868 2120 938 2165 esse
967 2121 1102 2186 superas
1123 2099 1305 2185 potestates

172 2214 205 2278 in
228 2212 356 2299 oaelo‘);
388 2212 479 2278 cuius
509 2212 596 2278 modi
627 2212 692 2278 sint
711 2211 787 2277 illae
809 2217 997 2297 potestates,
1020 2219 1118 2298 atque
1141 2211 1305 2297 quomodo

173 2325 251 2391 deos
273 2330 398 2390 veteres
417 2305 544 2390 mutare
566 2324 712 2405 studeat,
739 2326 803 2390 iam
826 2345 866 2390 ex
887 2324 949 2390 hoc
970 2323 1042 2391 loeo
1064 2325 1182 2403 videas,
1206 2345 1304 2408 quem

172 2442 307 2523 propter
326 2437 390 2501 rim
405 2436 647 2502 demonstrandi
669 2437 702 2502 in
724 2437 788 2503 fine
804 2437 1003 2521 quaestionis
1021 2437 1116 2502 huius
1137 2437 1304 2521 ponimus:

172 2551 250 2616 XXI
274 2556 321 2615 14.
345 2555 443 2615 3-5:
465 2548 584 2615 ‘ferunt
605 2549 689 2613 enim
711 2549 853 2633 theologi
874 2549 907 2613 iu
926 2549 1030 2613 lucem
1052 2548 1146 2614 editis
1165 2547 1305 2613 homini-

172 2663 234 2729 hus
257 2662 381 2728 cunctis
403 2660 493 2727 salva
520 2659 674 2725 firmitate
697 2660 798 2725 -fatali
827 2660 1011 2726 huiusmodi
1033 2660 1193 2744 quaedam
1215 2659 1307 2726 velut

174 2780 266 2840 actus
297 2779 427 2839 rectura
455 2773 587 2838 numina
617 2773 674 2857 (so.
703 2772 818 2856 geniis)
849 2772 981 2852 sociari,
1081 2775 1099 2858 ξ
1123 2780 1159 2837 5:
1189 2772 1305 2837 itidem

173 2909 212 2952 ex
233 2886 435 2971 sempiternis
450 2885 583 2951 Homeri
598 2885 794 2951 carminibus
816 2884 960 2968 intellegi
980 2885 1086 2966 datur,
1105 2905 1182 2950 non
1205 2884 1304 2950 deos

174 2999 379 3065 caelestes
409 3019 481 3064 cum
510 2998 587 3062 viris
615 2996 754 3063 fortibus
785 2996 960 3062 collocutos
990 3019 1050 3062 nec
1079 2997 1221 3062 adfuisse
1241 3005 1306 3081 pu-⁴

173 3111 346 3196 guantibus
368 3110 420 3176 vel
441 3111 573 3191 iuvisse,
599 3110 668 3175 sed
689 3109 915 3175 familiaris
939 3110 1080 3194 genios
1103 3131 1177 3175 eum
1198 3108 1302 3174 isdem

172 3229 317 3290 versatos
339 3273 346 3287 .
362 3272 368 3287 .
384 3222 411 3288 .'.

275 3337 390 3419 Itaque
412 3356 472 3420 pro
496 3334 565 3400 deis
583 3334 747 3400 veteribus
760 3335 945 3400 Ammianus
958 3339 1054 3419 putat
1070 3334 1179 3418 genios
1201 3334 1304 3399 homi·

173 3449 268 3515 nibus
291 3448 431 3514 sociatos
454 3468 541 3529 esse;
564 3469 584 3513 a
606 3447 674 3512 deis
689 3453 835 3532 potestas
855 3452 984 3531 sumpta
1003 3447 1104 3531 geniis
1127 3452 1177 3513 est
1198 3451 1305 3511 trans-

172 3563 249 3627 lata.
294 3560 358 3626 Sed
381 3559 542 3644 quomodo
563 3559 652 3624 dicat
682 3559 722 3625 de
755 3559 794 3624 iis
823 3563 856 3624 et
885 3565 1044 3643 quatenus
1075 3558 1211 3624 coluerit
1238 3581 1306 3639 eos,

175 3673 294 3758 quippe
317 3674 373 3756 qui
403 3673 469 3738 siut
497 3676 676 3757 potestates
706 3677 743 3737 ut
771 3672 818 3737 ita
851 3671 956 3736 dicam
985 3670 1239 3756 philosophicae,
1270 3670 1307 3736 id

175 3785 353 3851 diiudicare
383 3791 452 3851 tum
482 3785 609 3850 demum
632 3785 825 3869 poterimus,
859 3805 931 3849 cum
964 3783 1074 3867 qualia
1104 3783 1168 3848 siut
1196 3782 1308 3848 studia

175 3897 335 3963 Ammiani
350 3896 575 3983 philosophica
597 3902 655 3962 aut
677 3917 760 3981 quae
783 3896 830 3962 vis
852 3898 894 3962 sit
910 3880 1084 3962 tribuenda
1103 3894 1211 3960 verbis
1235 3873 1308 3961 eius

175 4010 216 4076 de
238 4008 444 4095 philosophia
466 4010 719 4091 cognoverimus.

278 4121 537 4207 complectamur
551 4122 650 4206 igitur
664 4142 748 4205 quae
761 4120 906 4188 effecisse
918 4121 1011 4186 nobis
1027 4119 1189 4185 videmur:
1206 4119 1310 4187 certis

176 4235 282 4304 verbis
312 4257 345 4301 se
374 4234 455 4300 nulli
482 4254 682 4319 paganorum
720 4235 807 4319 parti
835 4235 995 4318 assiguat3
1026 4233 1163 4317 paganis
1194 4239 1310 4299 autem
