2956 4950
737 375 953 442 ..34-

276 543 409 612 deamns
430 566 524 621 nunc,
544 567 621 611 num
641 552 699 612 aut
720 554 879 631 quatenus
904 548 974 632 ipse
995 546 1259 631 philosophorum
1282 548 1406 614 doctri-

276 661 326 723 nis
347 658 490 724 imbutus
512 659 564 724 sit.
1012 725 1015 729 .

377 769 483 854 Aulue
518 771 657 856 primum
691 770 769 855 quid
807 793 877 838 esse
919 772 997 838 velit
1030 771 1294 856 philosophorum
1334 773 1408 858 ipse

276 882 417 949 ostendit
438 882 620 948 nominihus
641 883 739 948 variis
767 883 840 949 illos
862 884 1049 968 appellans:
1081 883 1281 968 ‘philosophi'
1301 887 1408 950 nomi·

275 1000 396 1060 uantur
425 994 500 1060 XIV
530 1000 558 1060 6.
587 999 641 1077 18;
672 995 853 1081 ‘sapientes’
883 995 991 1060 XXIX
1014 1001 1042 1061 2.
1068 1002 1106 1061 18
1128 1001 1161 1061 et
1184 995 1241 1077 al.;
1268 1002 1406 1062 ‘scruta-

274 1110 363 1171 tores
396 1127 568 1172 causarum
596 1106 862 1190 intellegibilium’
896 1107 957 1172 XX
989 1113 1017 1172 3.
1049 1113 1084 1188 33
1101 1108 1182 1191 ·‘qui
1220 1114 1406 1175 scrutantes

274 1219 389 1284 seriem
412 1225 445 1284 ct
464 1218 615 1284 sublimia
637 1226 773 1285 naturae
793 1220 935 1304 pandere
952 1219 1119 1285 conantur’
1142 1220 1198 1304 (=
1219 1220 1405 1305 philosophi

216 1311 218 1314 ⁵
275 1330 453 1410 Celtarum,
488 1331 643 1416 euhages)
676 1332 735 1396 XV
766 1338 794 1398 9.
825 1339 859 1414 83
898 1332 1058 1414 ‘theologi’
1094 1331 1158 1416 (vel
1192 1332 1404 1415 ‘theologicae

275 1442 464 1527 doctrinae’)
488 1442 565 1508 XXI
589 1449 637 1508 14.
661 1449 693 1526 33
716 1444 803 1528 (XVI
820 1450 847 1510 5.
871 1445 921 1528 5);
940 1444 1081 1529 ‘physici'
1104 1443 1280 1530 (physicae
1302 1446 1404 1510 ratio-

273 1555 353 1640 nes’)
377 1554 453 1619 XXI
477 1560 503 1619 1.
527 1560 581 1638 113
605 1555 679 1640 (XX
706 1561 752 1620 ll.
775 1556 847 1640 26);
868 1555 1106 1621 ‘mathematici’
1124 1556 1182 1621 XV
1207 1562 1293 1637 1.4;
1317 1563 1404 1640 ‘geo-

273 1667 410 1733 metrica
431 1666 525 1733 ratio'
549 1667 611 1732 XX
626 1673 654 1732 3.
672 1672 707 1749 23
730 1668 836 1753 ‘periti
860 1669 923 1752 (vel
945 1668 1047 1733 ‘ratio’
1076 1668 1127 1733 vel
1152 1667 1405 1754 ‘consideratio’)

273 1779 427 1846 mundani
448 1785 554 1846 motus
577 1786 610 1846 et
631 1780 780 1845 siderum’
803 1780 909 1845 XXVI
928 1786 955 1845 1.
978 1786 1013 1861 8;
1037 1779 1159 1865 (ΧΧΙΠ
1175 1786 1203 1846 6.
1226 1786 1283 1862 33;
1308 1780 1406 1846 XXII

275 1896 323 1957 16.
348 1893 410 1975 17).
454 1893 570 1958 Varias
591 1893 691 1976 igitur
712 1892 936 1977 philosophiae
957 1897 1068 1977 partes
1089 1912 1154 1957 non
1174 1893 1345 1976 ignorarit.

378 2004 646 2089 Philosophorum
681 2009 827 2070 veterum
861 2005 991 2070 nomina
1025 2004 1259 2089 permultorum
1293 2004 1402 2087 affert,

273 2116 401 2200 saepius
441 2116 570 2200 quidem
610 2137 748 2182 narrans
783 2116 1044 2182 narratiunculas
1083 2137 1166 2200 quae
1198 2117 1329 2182 minime
1359 2118 1406 2183 ad

271 2228 508 2313 philosophiam
531 2229 637 2312 ipsam
662 2233 818 2313 spectant.
861 2229 913 2293 Ita
933 2227 1095 2293 interdum
1125 2228 1309 2313 philosophi
1330 2229 1405 2312 qui·

272 2340 346 2405 dam
368 2339 544 2405 laudantur
565 2339 607 2406 oh
629 2341 693 2405 rim
715 2329 897 2420 memoriae,
925 2340 966 2406 oh
989 2341 1200 2423 sagacitatem
1222 2341 1335 2420 animi,
1359 2341 1404 2407 ob

272 2453 503 2533 constantiam,
535 2451 577 2517 cb
605 2451 749 2518 discendi
779 2452 977 2536 cupidinem,
1009 2451 1089 2517 alias
1121 2452 1275 2518 virtutes:
1315 2453 1405 2519 Zeno

272 2563 400 2630 Stoicus
430 2563 504 2628 XIV
535 2570 564 2630 9.
595 2569 631 2646 6;
666 2564 803 2649 Hippias
832 2562 930 2629 Eleus
959 2562 1188 2648 ‘sophistarum
1214 2565 1403 2631 acerrimus’

270 2676 346 2742 XVI
369 2682 396 2742 5.
420 2680 456 2757 83
478 2675 682 2742 Metrodorus
695 2676 785 2741 XXV
801 2682 829 2741 4.
847 2681 903 2757 23;
925 2675 1118 2769 Peregrinus
1139 2676 1275 2742 Proteus
1292 2677 1403 2743 XXIX

273 2794 299 2855 1.
324 2793 378 2870 aa
408 2825 450 2838 -
482 2788 632 2854 Socrates
661 2788 736 2853 XVI
767 2794 795 2853 r.
825 2795 862 2870 4,
894 2788 1160 2869 1111111411
1190 2789 1266 2853 xxl
1291 2794 1338 2855 14.
1364 2797 1402 2873 1;

272 2900 461 2966 Aristoteles
486 2900 607 2966 XXVII
630 2907 659 2966 4.
680 2907 719 2983 6;
738 2899 832 2966 Plato
854 2900 963 2966 XXIII
986 2906 1013 2966 6.
1036 2905 1091 2982 323
1114 2900 1316 2985 Pythagoras
1337 2900 1399 2967 XV

271 3018 299 3078 9.
323 3017 358 3095 83
378 3013 455 3078 XXI
480 3018 527 3078 14.
552 3019 587 3095 5;
610 3013 703 3077 XXII
726 3017 774 3078 16.
798 3017 857 3095 213
887 3012 1112 3093 Archimedes,
1135 3012 1259 3091 Meton,
1282 3013 1401 3079 Eucte-

269 3144 362 3204 mon,
392 3123 599 3209 Hipparchus
620 3125 727 3191 XXVI
755 3129 782 3188 1.
805 3130 834 3190 8.
878 3124 942 3190 Sed
964 3125 1061 3189 etiarn
1091 3124 1276 3189 accuratius
1297 3125 1403 3191 tradit

269 3236 424 3301 nonnulla
460 3236 500 3302 de
534 3237 608 3301 ritis
637 3235 687 3302 vel
725 3236 765 3302 de
795 3237 963 3301 sententiis
997 3237 1215 3320 quorundam:
1245 3235 1303 3300 XV
1328 3240 1400 3304 1.4

269 3348 503 3433 (Democritus,
533 3349 777 3433 Anaxarchus),
807 3348 899 3414 XVII
929 3354 956 3413 7.
986 3354 1022 3413 11
1053 3354 1086 3413 et
1117 3353 1154 3414 12
1185 3347 1400 3433 (Aristoteles,

268 3462 489 3545 Anaxagoras,
511 3461 781 3545 Anaximander),
804 3461 881 3526 XXI
904 3466 952 3526 14.
976 3467 994 3527 5
1022 3461 1108 3545 (cum
1131 3460 1186 3526 alii
1208 3466 1277 3525 tum
1300 3459 1399 3527 Ploti-

268 3575 358 3656 nus);
389 3573 467 3638 XXI
491 3579 538 3639 16.
565 3580 604 3640 14
635 3574 807 3658 (Ephesius
834 3572 1049 3657 Heraclitus);
1080 3572 1173 3638 XXII
1196 3579 1224 3638 8.
1248 3579 1265 3638 5
1290 3578 1323 3637 et
1349 3578 1399 3638 16.

269 3689 309 3749 22
332 3685 569 3769 (Anaxagoras)
581 3687 622 3771 1);
645 3685 737 3752 XXX
759 3692 787 3751 4.
810 3691 828 3750 3
852 3685 967 3768 (Plato,
990 3685 1158 3768 Epicurus,
1178 3685 1290 3764 Tisias,
1314 3683 1400 3750 Gor·

269 3796 361 3881 gias).
406 3796 542 3881 Saepius
573 3798 764 3863 Aristoteles
793 3797 947 3862 laudatur
975 3796 1079 3881 (XVII
1101 3802 1128 3861 7.
1153 3802 1206 3878 113
1238 3796 1345 3861 XVIII
1368 3801 1400 3863 3.

268 3914 304 3989 73
328 3909 405 3973 XXI
429 3914 456 3973 l.
482 3914 537 3990 123
564 3908 686 3975 XXVII
711 3916 740 3975 4.
763 3910 806 3996 8).
851 3908 899 3974 De
928 3908 1081 3974 Cicerone
1112 3914 1220 3973 autem
1249 3907 1288 3972 cf.
1312 3929 1401 3992 quae

267 4020 404 4086 contulit
425 4020 573 4086 Michael.

370 4176 396 4243 1)
415 4174 445 4228 Si
463 4176 652 4229 coniecturam
669 4173 774 4229 Valesii
792 4176 947 4246 sequimur,
970 4175 1104 4230 hocloco
1122 4173 1267 4230 Platonem
1285 4193 1400 4244 qnoque

264 4262 389 4332 legdmus.
