2956 4950
552 425 765 486 -37....

97 591 209 674 negari
232 613 295 656 non
315 597 422 676 potest
436 613 507 657 eum
522 592 761 677 philosophiam
779 592 821 658 ad
841 591 1033 657 excolendas
1049 593 1226 657 sententias

98 724 173 769 suas
195 702 235 769 de
257 704 354 769 rebus
376 703 492 770 divinis
513 704 709 770 adhibuisse.

185 988 234 1067 lll.
289 987 521 1069 neofitus,
576 986 831 1083 uslausei,
862 984 1148 1082 ὓΕῈθΒῘϋΝΛ,
1220 1063 1225 1073 .

282 1173 283 1177 Ν
363 1107 549 1203 lusum,
577 1108 688 1188 lulla
717 1107 968 1189 llllblllllBllS.

200 1296 379 1362 Redeamus
401 1316 486 1360 nunc
509 1295 551 1360 ad
573 1316 644 1360 eam
667 1295 889 1379 quaestionem
904 1315 1002 1378 quam
1017 1315 1117 1379 supra
1137 1318 1168 1380 p.
1184 1301 1224 1362 29

96 1408 335 1474 intermisimus.
380 1407 524 1472 Vidimus
540 1408 740 1472 Ammianum
765 1428 824 1490 pro
847 1405 909 1471 diis
923 1407 1086 1472 veteribus
1106 1428 1226 1491 ponere

97 1522 216 1606 genios.
260 1521 375 1585 Totum
400 1520 501 1602 igitur
521 1520 586 1584 iam
615 1520 721 1584 locum
750 1540 845 1602 quem
875 1519 1040 1602 attigimus
1063 1520 1226 1585 exscriba-

96 1656 182 1698 mus:
212 1632 288 1697 XXI
303 1637 350 1697 14.
370 1638 404 1697 l:
427 1633 468 1694 ‘in
490 1630 552 1696 hoc
573 1651 681 1697 rerum
703 1631 912 1696 adversarum
930 1631 1071 1696 tumultu
1089 1631 1226 1698 haerens

97 1747 166 1811 eius
189 1747 246 1829 (sc.
262 1744 396 1829 Juliani)
419 1743 550 1808 fortuna
571 1744 636 1808 iam
659 1749 692 1808 et
708 1743 894 1822 subsistens,
918 1742 1092 1808 adventare
1115 1765 1225 1810 casum

96 1860 181 1922 vitae
204 1857 434 1921 difficilem
456 1856 667 1921 monstrabat.
757 1857 775 1940 ξ
794 1859 822 1918 2.
858 1854 1036 1938 posthaec
1059 1855 1224 1921 confessus

97 1975 146 2035 est
166 1968 378 2034 iunctioribus
400 1969 564 2052 proximis,
587 1967 674 2051 quod
695 1973 861 2050 tamquam
876 1966 1040 2032 desolatus
1064 1973 1223 2033 secretum

97 2081 220 2165 aliquid
242 2081 350 2146 ddere
373 2080 521 2159 desierit,
553 2079 640 2163 quod
665 2079 827 2144 interdum
857 2077 999 2143 adfuisse
1023 2079 1085 2144 sibi
1106 2079 1225 2163 squali-

97 2194 168 2259 dius
191 2193 401 2273 aestimabat‚
432 2198 465 2258 et
494 2192 672 2277 putabatur
702 2192 814 2275 genius
844 2210 914 2256 esse
945 2190 1076 2274 quidam
1100 2191 1223 2257 tutelae

96 2306 210 2371 salutis
233 2305 400 2390 adpositus
434 2327 506 2371 eum
535 2304 704 2387 reliquisse
734 2302 853 2368 mundo
878 2303 973 2368 citius
991 2303 1224 2388 digressurum.

96 2421 114 2504 ς
137 2423 165 2482 3.
188 2418 298 2483 ferunt
327 2418 410 2482 euim
441 2417 583 2500 theologi
605 2417 637 2481 in
659 2417 764 2481 lucem
784 2415 878 2479 editis
898 2414 1081 2480 bominibus
1102 2416 1225 2480 cunctis

95 2529 186 2594 salva
203 2529 357 2594 firmitate
378 2529 472 2594 fatali
493 2529 690 2594 huiusmodi
705 2527 864 2611 quaedam
881 2526 968 2591 velut
987 2532 1078 2591 actus
1094 2533 1225 2592 rectura

95 2642 227 2706 numina
262 2641 395 2719 sociari,
436 2641 608 2706 admodum
645 2646 754 2706 tamen
789 2639 992 2723 paucissimis
1026 2638 1109 2719 usa,
1143 2661 1224 2722 quos

96 2753 290 2837 multiplices
313 2773 432 2818 auxere
454 2754 598 2818 virtutes.
643 2755 711 2839 §a
741 2752 840 2835 idque
867 2755 899 2815 et
927 2751 1059 2815 oracula
1087 2755 1120 2816 et
1149 2771 1225 2815 aue-

93 2870 183 2939 ¹tores
207 2865 345 2930 docuere
366 2865 536 2950 praeclari.
651 2867 718 2951 §5.
750 2864 926 2947 itidemque
958 2884 998 2927 ex
1020 2863 1223 2946 sempiternis

97 2977 229 3042 Homeri
249 2977 446 3042 carminibus
460 2977 603 3060 intellegi
621 2977 727 3056 datur,
749 2996 813 3040 non
825 2975 902 3041 deos
918 2976 1073 3040 caelestes
1167 2974 1225 3040 ad·

96 3089 195 3154 fuisse
217 3087 436 3173 pugnantibus
465 3088 515 3153 vel
543 3089 661 3154 iuvisse
683 3087 739 3153 sed
765 3087 932 3152 familiaris
953 3086 1063 3170 genios
1086 3107 1157 3151 oum
1181 3087 1225 3152 is·

96 3201 169 3266 dem
195 3206 357 3280 versatos,
389 3221 524 3284 quorum
558 3200 759 3266 adminiculis
790 3199 866 3264 freti
893 3199 1076 3284 praecipuis
1105 3198 1225 3284 Pytha·

97 3333 193 3397 goras
217 3313 369 3377 enituisse
392 3313 510 3378 dicitur
534 3319 567 3378 et
588 3312 738 3378 Socrates
828 3317 926 3395 atque
949 3311 1103 3391 Plotinus,
1126 3331 1223 3376 ausus

97 3425 258 3508 quaedam
280 3445 377 3508 super
398 3424 461 3490 bac
479 3447 514 3490 re
538 3425 696 3490 disserere
715 3425 859 3508 mystica,
882 3422 1011 3505 alteque
1032 3428 1223 3504 monstrare,

97 3536 214 3620 quibus
243 3536 428 3621 primordiis
456 3537 490 3601 hi
529 3538 613 3620 genii
643 3536 756 3601 animis
791 3535 926 3600 connexi
954 3534 1138 3599 mortalium
1169 3555 1224 3600 eas

96 3655 262 3732 tamquam
286 3649 415 3731 gremiis
438 3649 503 3713 suis
527 3653 693 3733 susceptas
714 3653 862 3728 tuentur,
891 3646 999 3730 quoad
1019 3646 1144 3711 licitum
1166 3651 1223 3726 est,

98 3760 278 3842 docentque
301 3761 439 3840 maiora,
470 3761 498 3825 si
526 3761 684 3825 senserint
713 3782 812 3844 puras
845 3765 878 3824 et
899 3781 919 3824 a
941 3758 1129 3824 conluvione
1150 3778 1224 3841 pec·

98 3873 194 3938 candi
215 3873 413 3937 inmaculata
436 3874 580 3957 corporis
604 3874 759 3938 societate
783 3871 958 3937 discretas’.
978 3908 1020 3919 -

97 4131 275 4185 Ammianum
292 4131 412 4185 libenter
429 4135 458 4186 et
475 4148 557 4201 saepe
575 4131 718 4184 scientiam
737 4148 814 4184 suam
825 4131 979 4184 litterarum
997 4127 1158 4196 ostendere5
1176 4127 1225 4181 sed

98 4235 133 4272 ex
151 4217 203 4272 hae
230 4234 260 4271 re
279 4217 402 4271 nondum
420 4218 545 4286 sequitur
570 4217 616 4285 (ex
633 4234 695 4271 mea
712 4216 824 4287 quidem
839 4215 986 4283 sententia)
1009 4232 1072 4270 eum
1093 4214 1224 4268 scientiae

97 4303 170 4358 illins
188 4308 331 4374 expertem
348 4304 439 4358 fuisse.
