2956 4950
701 370 915 447 ...ng

245 542 335 617 illam
354 556 496 618 veterem
517 551 559 618 ab
575 552 744 619 Ammiano
766 554 893 638 genium
908 552 1031 619 haberi.
1075 553 1147 620 Non
1168 547 1374 636 Fortunam,

246 663 304 729 sed
325 663 498 731 Fortunas
520 664 604 730 colit.

347 777 462 860 Itaque
484 777 511 842 si
534 777 776 861 complectimur
797 798 880 861 quae
903 783 1068 862 comperta
1087 777 1260 859 habemus,
1283 779 1374 846 vide·

246 909 317 953 mus
339 889 543 954 Ammianum
565 888 728 955 doctrinas
750 911 831 973 quas
860 889 956 955 affert
982 890 1021 957 de
1045 891 1146 974 geniis
1168 911 1209 957 ex
1229 891 1374 976 philoso-

245 999 324 1084 phia
344 1000 500 1067 hausisse.
544 1001 638 1067 Certe
659 1022 723 1067 uon
746 1001 787 1067 ad
808 1001 986 1086 perfectam
1009 1007 1107 1086 atque
1125 1003 1308 1069 absolutam
1330 1003 1374 1068 de

245 1112 308 1177 hac
329 1112 452 1178 difficili
468 1133 504 1178 re
518 1114 666 1197 pervenit
681 1116 881 1194 sententiam,
897 1120 1007 1180 tamen
1028 1136 1064 1179 re
1079 1136 1156 1181 vera
1173 1136 1242 1182 esse
1260 1116 1374 1199 genios

246 1225 420 1291 credidisse
443 1246 561 1309 eosque
582 1226 743 1292 interdum
764 1225 929 1292 ‘fortunas'
951 1227 1132 1292 nominasse
1155 1227 1290 1293 videtur.

348 1337 412 1402 Sed
434 1337 522 1421 quod
542 1337 680 1404 diximus
709 1340 752 1423 (p.
776 1340 831 1423 28)
860 1359 881 1404 a
909 1338 970 1404 diis
991 1343 1186 1421 potestatem
1208 1343 1374 1424 sumptam

244 1448 345 1533 geniis
363 1470 433 1515 esse
449 1450 650 1531 translatam,
672 1469 736 1516 non
757 1450 805 1525 ita
824 1456 874 1516 est
888 1450 1138 1534 intellegendum
1154 1451 1231 1523 deos
1246 1455 1374 1516 veteres

245 1562 339 1644 quasi
365 1562 399 1626 in
425 1562 535 1646 genios
564 1567 706 1628 mutatos
735 1583 815 1628 esse.
864 1561 976 1645 Neque
1012 1562 1088 1628 illae
1121 1563 1261 1629 minores
1290 1563 1373 1628 deae

243 1672 376 1758 (Fama,
405 1675 550 1753 Iustitia,
576 1674 746 1759 Fortuna)
777 1675 862 1759 genii
884 1679 974 1756 sunt3
1004 1675 1062 1740 sed
1085 1676 1170 1759 genii
1192 1675 1373 1742 Ammianei

242 1791 312 1851 toto
335 1807 452 1871 genere
474 1787 516 1852 ab
539 1787 602 1853 illis
625 1787 788 1853 veteribus
813 1787 881 1852 deis
911 1787 1030 1853 diversi
1054 1789 1180 1872 sunt¹):
1211 1787 1369 1853 ‘substan-

242 1898 337 1964 tiales
359 1899 443 1965 enim
464 1898 605 1979 tutelae,
627 1899 761 1983 singulis
783 1899 1129 1965 ι11011111111111111111.

541 2227 578 2309 V.
634 2227 687 2308 11Ε
715 2228 879 2309 ΝΙΙΜΙΝΕ
908 2228 957 2308 ΕῘ
985 2227 1080 2309 ὓΕθ.

346 2417 425 2483 Tres
448 2417 653 2502 quaestiones
682 2416 722 2481 de
743 2417 872 2482 numine
903 2421 936 2482 et
957 2416 1017 2483 deo
1039 2416 1257 2483 instituendae
1279 2421 1373 2483 sunt:

244 2530 404 2613 quomodo
426 2529 552 2595 verba
574 2529 712 2595 numinis
741 2536 774 2594 et
797 2529 849 2594 dei
870 2528 1086 2594 adhibeantur
1105 2535 1202 2613 atque
1225 2551 1300 2594 num
1324 2529 1374 2595 di·

243 2643 382 2710 scrimen
400 2643 532 2726 aliquod
549 2643 591 2707 sit
612 2642 697 2708 inter
715 2662 770 2723 ea3
795 2642 955 2725 quomodo
977 2663 1029 2707 res
1051 2641 1210 2707 humanas
1231 2663 1290 2726 per
1311 2664 1373 2706 nu·

243 2759 369 2820 menet
390 2754 485 2820 deum
507 2755 577 2839 regi
599 2754 829 2820 crediderit
850 2752 1071 2835 Marcellinum
1086 2754 1184 2819 'cuius
1205 2754 1372 2838 religionis

245 2888 286 2932 ex
307 2867 462 2933 doctrinis
483 2868 646 2933 notionem
667 2867 719 2932 dei
741 2867 939 2932 hauserit.

346 2979 542 3065 Cognomina
570 2980 662 3046 addit
692 2979 878 3045 Ammianus
906 2978 1061 3044 numiui
1089 2977 1186 3045 haec:
1218 2998 1374 3061 magnum

243 3091 351 3157 XXIX
380 3098 408 3158 5.
431 3099 489 3174 403
518 3115 675 3158 summum
697 3092 756 3157 XV
779 3098 808 3157 8.
832 3098 867 3174 9;
896 3091 987 3156 XVII
1017 3096 1044 3155 7.
1069 3095 1107 3172 33
1135 3089 1211 3155 XXI
1240 3095 1287 3156 13.
1313 3097 1374 3173 143

243 3204 349 3271 XXVI
380 3211 408 3270 6.
438 3211 474 3287 9;
503 3226 655 3288 superum
685 3204 760 3269 XVI
793 3208 840 3269 12.
871 3209 925 3284 183
962 3203 1052 3268 XXV
1073 3209 1101 3269 8.
1126 3208 1161 3285 33
1197 3222 1375 3286 supernum

243 3316 318 3382 XIV
342 3322 390 3386 11.
413 3321 468 3399 24;
489 3317 548 3382 XV
566 3322 593 3382 2.
610 3323 647 3399 8;
670 3317 744 3381 XVI
771 3321 818 3380 12.
840 3320 895 3397 623
926 3353 965 3363 -
996 3314 1136 3381 caeleste
1166 3314 1244 3379 XIX
1276 3319 1301 3379 1.
1334 3321 1374 3397 4;

243 3429 349 3494 XXVI
373 3435 399 3494 1.
422 3435 456 3512 5;
479 3430 601 3496 XXVII
625 3433 653 3494 6.
676 3435 712 3511 8;
734 3428 841 3493 XXXI
865 3433 913 3493 16.
936 3434 973 3508 4;
996 3427 1139 3492 divinum
1161 3426 1239 3491 XIX
1263 3431 1310 3492 lo.
1334 3432 1373 3508 4;

243 3541 348 3606 XXVI
378 3547 405 3606 l.
436 3547 490 3624 14;
521 3582 560 3592 -
590 3542 820 3627 sempiternum
848 3539 938 3605 XVII
967 3544 1015 3604 13.
1045 3544 1103 3621 28;
1133 3538 1242 3603 XXIII
1264 3544 1292 3604 5.
1318 3543 1373 3620 19;

347 3760 373 3826 1)
393 3757 594 3829 Corrigendum
612 3758 698 3828 igitur
716 3760 759 3811 est
775 3755 908 3809 iudicium
926 3755 1000 3825 quod
1014 3744 1234 3809 Burckhardtius
1252 3753 1319 3807 facit
1338 3752 1373 3808 de

242 3845 390 3900 Ammiano
408 3863 435 3915 p.
445 3847 496 3898 262
514 3848 543 3899 et
557 3847 622 3898 263:
641 3844 694 3898 ‘die
712 3842 853 3898 elnzelnen
869 3840 969 3896 Gotter
979 3842 1098 3909 bleiben‚
1114 3858 1194 3895 wenn
1207 3839 1278 3894 auch
1294 3839 1374 3894 nicht

243 3931 335 3986 direkt
352 3932 391 3985 111
406 3930 559 3999 Damonen,
579 3948 609 3984 so
627 3930 699 3985 doch
716 3931 755 3983 als
774 3929 829 3983 fest
841 3929 1000 3998 perstnlich
1016 3927 1180 3997 gewordene
1193 3925 1373 3996 Eigenschaf·

242 4018 298 4073 ten’
318 4023 347 4073 et
358 4036 452 4088 qusq.
464 4049 498 4057 -
515 4017 734 4072 Burckhardtius
754 4017 828 4071 enim
845 4015 969 4085 neglexit
986 4014 1134 4068 discrimen
1152 4013 1220 4067 illud
1238 4011 1312 4081 quod
1330 4016 1374 4067 est
1461 4068 1464 4073 ,

241 4106 315 4159 inter
340 4105 485 4175 opiniones
508 4105 542 4159 ab
559 4103 708 4158 Ammiano
735 4106 844 4157 tantum
869 4102 969 4156 relatas
988 4106 1017 4155 et
1040 4101 1127 4170 ipsius
1153 4099 1262 4153 iudicia,
1296 4096 1374 4152 Illud

243 4191 318 4260 quod
335 4191 404 4246 dicit
423 4190 485 4245 ‘fast
500 4189 659 4260 perstnlich
674 4189 838 4261 gewordene
850 4186 1074 4259 Figenschaiten'
1095 4191 1186 4240 ortum
1205 4191 1319 4241 estnon
1338 4202 1373 4240 ex

244 4279 321 4334 cultu
339 4278 461 4348 deorum,
480 4278 530 4333 sed
547 4294 582 4333 ex
599 4295 650 4333 usu
667 4276 800 4347 loquendi
816 4280 970 4345 poetarum.
