2956 4950
630 403 845 470 ..45-

275 571 377 642 Porro
396 597 500 660 neque
522 578 654 642 maioris
676 578 828 643 momenti
843 582 901 656 est
922 577 1009 660 quod
1020 576 1182 642 fortunam
1206 596 1302 662 agen·

173 695 239 754 tem
262 689 342 754 facit
363 689 414 754 his
443 710 482 754 ao
503 689 624 755 talibus
646 690 743 754 locis:
777 689 852 754 XIV
874 696 902 755 6.
926 695 944 754 3
974 689 1094 755 ‘Virtus
1116 695 1214 773 atque
1238 690 1302 755 for·

173 807 262 880 tuna,
285 801 475 884 plerumque
504 802 697 868 dissidentes
727 803 958 886 (convenerunt
983 807 1020 867 ut
1048 802 1182 867 Romam
1205 823 1302 886 auge·

173 913 286 998 reut)';
307 912 413 978 XXVI
436 917 464 977 2.
489 920 508 980 9
536 914 637 979 ‘dabit
658 915 742 978 enim
764 913 910 992 fortuna,
932 913 1139 979 consiliorum
1160 913 1303 979 adiutrix

174 1025 341 1104 bonorum,
433 1026 549 1109 (virum
571 1025 664 1091 nobis
687 1026 778 1110 ...)';
809 1025 884 1091 XVI
907 1032 935 1091 5.
960 1034 975 1093 1
1006 1026 1147 1092 ‘fortuna
1168 1025 1305 1110 adponit

174 1157 317 1202 mensam
340 1137 560 1217 ambitiosam,
590 1139 692 1203 virtus
720 1139 872 1222 paroam’.
917 1137 1040 1217 Quibus
1068 1138 1148 1204 loeis
1173 1137 1305 1204 fortuna

174 1249 303 1314 minime
325 1249 387 1314 dea
408 1254 551 1332 putatur.

276 1362 427 1427 Attamen
455 1383 519 1426 non
549 1382 724 1444 numquam
754 1368 984 1427 commemorat
1012 1361 1218 1427 Marcellinus
1238 1362 1301 1427 for·

174 1478 287 1539 tunam
311 1473 422 1539 eodem
445 1474 558 1553 modo,
589 1495 628 1538 ac
649 1475 728 1540 dicit
749 1475 788 1548 de
813 1475 930 1558 geniis:
960 1474 1053 1538 XXX
1076 1481 1104 1540 5.
1131 1479 1169 1540 18
1200 1479 1303 1540 ‘nocte

245 1585 377 1651 videbat
399 1587 567 1670 coniugem
597 1608 689 1652 suam
717 1587 884 1652 absentem
916 1586 1028 1651 sedere
1049 1587 1154 1670 passis
1178 1587 1303 1670 capillis

266 1719 363 1781 quam
385 1700 551 1764 aestimari
573 1699 713 1765 dabatur
727 1699 903 1765 Fortunam
919 1700 988 1764 cius
1011 1719 1082 1763 esse
1105 1719 1177 1762 curn
1195 1704 1302 1763 taetro

175 1810 290 1876 babitu
310 1813 376 1876 iam
398 1811 630 1877 discessuram'.
674 1813 776 1890 Quem
803 1811 910 1876 locum
940 1810 1087 1876 conferas
1117 1832 1190 1875 oum
1212 1811 1302 1876 XXV

176 1931 204 1990 2.
227 1930 246 1990 3
270 1931 302 1990 et
323 1922 447 1989 videbis
475 1924 561 1988 hanc
589 1924 753 1989 fortunam
785 1944 854 1988 esse
884 1924 1012 1988 omnino
1043 1923 1134 1988 illum
1164 1923 1300 2006 genium.

175 2037 326 2103 Fortasse
346 2036 397 2101 his
428 2056 555 2120 quoque
582 2036 662 2101 locis
690 2036 801 2119 genius
828 2035 946 2100 dieitur
974 2035 1047 2100 XIV
1073 2041 1120 2101 10.
1144 2041 1182 2100 16
1206 2034 1303 2117 ‘quod

175 2156 271 2215 norat
292 2149 412 2234 (contio
435 2148 585 2232 militum)
616 2148 874 2231 expeditionibus
905 2146 1027 2212 crebris
1049 2146 1210 2211 fortunam
1233 2147 1302 2210 eius

174 2262 208 2325 in
229 2261 322 2325 malis
344 2266 470 2324 tantum
492 2258 639 2325 civilibus
661 2259 834 2342 vigilasse’3
856 2258 933 2325 XXI
953 2263 1001 2325 14.
1027 2263 1040 2323 1
1065 2258 1210 2324 ‘haerens
1234 2259 1302 2323 eius

176 2372 306 2438 fortuna
327 2372 391 2436 iem
415 2377 448 2436 et
470 2370 665 2450 subsistens,
695 2372 870 2437 adventare
901 2392 1011 2437 casum
1033 2371 1119 2435 vitae
1141 2369 1303 2435 difficilem

246 2482 467 2549 monstrabat'.
511 2483 576 2547 Sed
606 2504 658 2549 res
687 2504 750 2548 non
787 2489 902 2567 aperta
932 2490 997 2563 est3
1026 2488 1124 2565 atque
1154 2481 1195 2546 iis
1222 2482 1303 2547 locis

175 2600 212 2661 ut
234 2595 339 2662 XVlIl
363 2601 390 2661 5.
414 2601 434 2660 8
458 2593 584 2679 (fretus
606 2593 755 2660 fortunae
778 2595 879 2679 suae')
911 2600 1035 2660 certum
1064 2615 1133 2659 esse
1156 2593 1235 2658 mibi
1257 2593 1303 2658 vi·

176 2708 271 2774 detur
293 2705 474 2773 ‘fortunam’
505 2707 591 2771 idem
619 2728 689 2772 esse
718 2727 756 2772 ae
784 2705 1001 2772 felicitatem.
1045 2704 1158 2788 Neque
1188 2706 1302 2770 melius

175 2820 316 2905 perspici
328 2824 444 2904 potest,
466 2823 576 2883 utrum
591 2819 703 2902 genius
717 2818 866 2903 publicus
883 2818 1035 2883 laudetur
1057 2839 1098 2883 an
1122 2818 1303 2901 exemplum

176 2932 331 2998 sermonis
357 2931 539 2997 tumidioris
562 2936 667 2997 exstet
688 2930 813 2996 duobus
843 2930 922 2996 locis
944 2929 1011 2995 his:
1041 2930 1132 2995 XXV
1154 2936 1182 2996 9.
1207 2935 1225 2993 7
1257 2933 1304 2994 ‘tu

175 3044 346 3125 hocloco,
375 3043 520 3109 Fortuna
541 3042 629 3108 orbis
651 3043 802 3123 Romani,
826 3042 940 3108 merito
959 3042 1126 3122 incusans,
1151 3062 1233 3125 quae

175 3158 354 3240 regimenta
443 3155 695 3221 consummando
716 3154 822 3220 iuveni
844 3154 1044 3239 porrexisti’3
1068 3160 1101 3218 et
1122 3152 1230 3218 XXXI
1254 3157 1302 3218 13.

180 3273 217 3334 19
242 3268 387 3332 ‘Romani
410 3268 603 3350 aliquotiens
623 3266 758 3332 reflante
781 3265 927 3331 Fortuna
1020 3265 1204 3331 cesserunt'.

278 3379 342 3444 Sed
361 3379 402 3444 ab
424 3379 487 3444 bac
507 3380 579 3464 ipsa
598 3384 631 3444 et
650 3382 762 3444 nostra
784 3384 817 3445 et
832 3378 992 3443 Ammiani
1011 3376 1213 3443 dubitatione
1229 3397 1304 3461 pro·

175 3491 355 3557 ficisoentes
391 3490 486 3556 facile
524 3491 702 3557 diiudicare
736 3511 915 3574 possumus.
967 3488 1051 3555 Nam
1078 3490 1140 3555 hoc
1177 3492 1305 3555 constat

177 3604 379 3670 Ammianum
401 3623 471 3668 esse
486 3604 596 3687 genios
611 3602 794 3668 credidisse.
839 3602 996 3682 Quoniam
1012 3601 1162 3667 fortunae
1178 3603 1304 3686 (quam-

176 3710 273 3802 quam
298 3735 362 3780 non
382 3735 540 3798 personae
567 3713 706 3799 divinae)
729 3719 853 3779 tantam
874 3714 1053 3798 potentiam
1074 3712 1205 3794 tribub,
1236 3712 1303 3778 fao-

175 3833 313 3894 tumeat
334 3831 371 3892 ut
392 3827 493 3910 geniis
513 3826 706 3911 quibusdam
737 3826 834 3891 etiam
859 3846 976 3890 nomen
997 3825 1147 3890 fortunae
1169 3825 1304 3891 dederit

176 3940 247 4005 Hae
262 3939 411 4004 fortunae
432 3939 540 4022 igitur,
557 3939 622 4004 sive
639 3937 734 4021 genii,
755 3938 930 4003 ‘sociantur
946 3937 1129 4003 hominibus
1150 3937 1185 4001 in
1199 3937 1303 4002 lucem

176 4051 288 4131 editis,
318 4055 435 4135 regunt
460 4071 570 4115 eorum
593 4055 699 4129 actus,
728 4048 878 4114 videntur
898 4055 1007 4113 tamen
1030 4048 1203 4112 admodum
1223 4069 1304 4131 pau·

176 4163 322 4230 cissimis'
351 4164 404 4247 (of.
427 4162 504 4227 XXI
528 4168 575 4228 14.
602 4164 643 4248 3).
698 4161 761 4226 Sed
791 4181 906 4227 caveas
936 4181 975 4224 ne
1003 4166 1098 4244 putes
1128 4158 1304 4225 Fortunam
