2956 4950
638 425 851 495 ..29-

180 622 250 667 curn
283 601 315 664 in
352 601 535 665 universum
571 605 639 665 tum
672 600 797 665 Iuliano
828 599 935 672 favere
966 601 1108 685 videtur3
1146 603 1309 688 vituperat

178 720 287 778 tamen
305 713 521 778 ‘nimietatem'
545 714 613 777 eius
629 735 810 794 sacrorum3
832 713 917 777 idem
935 735 1008 779 oum
1028 714 1068 779 de
1086 716 1315 788 sacerdotibus,

178 826 295 890 veteris
316 825 421 890 cultus
443 847 506 889 non
528 824 610 896 bene
632 824 769 911 iudicet,
797 826 831 890 in
853 847 1021 893 numerum
1043 825 1204 893 cultorum
1225 828 1308 911 pris-

178 938 265 1002 tinae
296 935 471 1020 religionis.
491 936 606 1002 referri
642 959 706 1002 non
735 943 859 1022 potest
909 938 1005 1004 Cuius
1037 939 1202 1023 religionis
1232 940 1309 1004 deos

178 1071 242 1113 non
256 1049 348 1129 colit,
369 1047 497 1115 fabulas
514 1050 665 1132 antiquas
680 1050 832 1115 rationali
854 1050 949 1116 modo
965 1051 1175 1135 interpretari
1190 1051 1307 1117 studet.

178 1161 329 1226 Fortasse
350 1182 389 1226 ex
403 1161 607 1245 philosophia
628 1162 792 1227 doctrinas
814 1163 980 1246 religiosas
1003 1163 1130 1243 hausit,
1149 1171 1309 1247 quatenus

179 1274 207 1336 ei
228 1273 452 1358 philosophica
474 1274 630 1338 tractanti
652 1274 785 1340 credere
809 1296 962 1357 cogamur
984 1275 1048 1339 iam
1072 1277 1250 1359 quaeritur.

265 1620 319 1699 lll.
374 1619 427 1698 or
456 1619 740 1700 Philosophia
769 1619 817 1699 ΕῘ
845 1619 899 1698 uu
928 1620 1224 1702 corrosorius.
1285 1673 1286 1676 κ

280 1834 494 1914 Quaerentes,
529 1833 607 1917 quid
644 1834 683 1899 de
716 1834 817 1900 rebus
847 1834 1078 1920 philosophicis
1115 1835 1308 1901 iudicaverit

179 1946 365 2011 Ammianus
377 1945 593 2025 Marcellinus,
602 1947 946 2013 accuratediscernere
957 1947 1111 2014 debemus
1126 1948 1211 2013 inter
1222 1953 1308 2012 vete-

179 2058 224 2123 ris
243 2057 467 2142 philosophiae
490 2057 540 2132 vel
554 2064 698 2124 veterum
714 2059 978 2144 philosophorum
992 2060 1131 2126 traditas
1145 2060 1308 2125 doctrinas

178 2175 275 2253 atque
290 2170 499 2254 philosophos
518 2192 582 2250 eos,
605 2172 660 2254 qui
681 2177 760 2236 tuno
775 2176 876 2237 erant.
921 2171 1108 2257 Philosophi
1123 2172 1205 2237 enim
1220 2171 1307 2239 illius

178 2283 311 2361 aetatis,
341 2284 517 2368 praecipue
545 2283 670 2348 Iuliano
692 2290 866 2367 regnante,
900 2283 999 2351 santio
1022 2284 1186 2368 religionis
1215 2290 1308 2349 erant

176 2394 377 2461 haudsecus
400 2416 440 2460 ac
462 2395 646 2474 christiani,
676 2418 779 2480 eaque
802 2397 841 2463 de
864 2418 963 2463 causa
984 2398 1122 2481 primum
1145 2397 1178 2462 id
1198 2397 1306 2463 videa-

177 2528 257 2586 mus,
279 2530 356 2573 num
377 2509 506 2574 steterit
528 2509 714 2575 Ammianus
736 2530 757 2573 a
787 2510 936 2593 partibus
967 2511 1017 2576 rel
1039 2510 1153 2576 melius
1176 2532 1196 2576 a
1218 2515 1308 2575 secta

175 2617 303 2685 illorum
325 2619 598 2705 philosophorum.

280 2732 402 2798 Summi
424 2735 577 2799 momenti
599 2739 649 2800 est
670 2734 761 2800 locus
780 2735 836 2818 qui
858 2740 965 2800 exstat
986 2735 1093 2800 XXIII
1115 2741 1142 2802 5.
1165 2739 1306 2800 11-14:

176 2848 194 2930 ᾗ
219 2851 274 2913 11:
306 2846 372 2911 ‘sed
403 2846 613 2914 calcabantur
643 2849 700 2931 (sc.
724 2847 853 2912 Etrusci
876 2847 1079 2932 haruspices)
1104 2847 1305 2932 philosophis

176 2958 425 3041 refragantibus,
448 2979 586 3042 quorum
601 2959 779 3025 reverenda
801 2965 878 3025 tune
901 2960 1172 3040 eratauctoritas,
1195 2981 1305 3025 erran·

176 3070 257 3135 tium
279 3069 414 3136 subinde
435 3076 469 3136 et
496 3071 531 3141 in
561 3093 676 3155 parum
709 3072 847 3156 cognitis
875 3071 1245 3157 perseverantiumdiu,
1273 3077 1306 3136 et

176 3183 260 3247 enim
280 3188 316 3248 ut
342 3181 513 3267 probabile
540 3189 763 3267 argumentum
792 3185 836 3250 ad
863 3184 960 3250 fidem
984 3183 1180 3269 implendam
1201 3186 1304 3249 scien·

175 3295 242 3360 tiae
272 3316 350 3360 suae
378 3295 412 3360 id
440 3296 715 3381 praetendebant,
746 3297 833 3381 quod
855 3296 913 3362 ...’
934 3297 1095 3382 (sequitur
1124 3295 1304 3381 exemplum

175 3407 353 3492 quoddam,
382 3413 450 3474 tum
469 3408 566 3493 ‚addit
587 3409 774 3474 Ammianus
795 3410 865 3494 ipse
884 3408 1038 3475 iudicium
1058 3409 1099 3476 de
1120 3410 1177 3476 illa
1199 3410 1303 3494 philo-

175 3521 350 3605 sophorum
378 3521 567 3605 sententia):
603 3520 668 3586 ‘illo
702 3521 832 3587 minime
861 3521 1093 3606 contemplato,
1131 3522 1218 3605 quod
1246 3522 1303 3588 ...’

173 3633 335 3718 (sequitur
365 3653 479 3712 causa,
518 3654 576 3699 cur
611 3632 797 3718 philosophi
824 3634 1026 3718 erraverint).
1071 3636 1169 3720 §122
1201 3628 1304 3719 (aliud

174 3764 284 3809 omen:
315 3743 407 3809 miles
436 3743 477 3812 de
507 3745 596 3810 caelo
625 3747 755 3830 taetus).
799 3747 817 3830 ἓ
843 3752 899 3811 13:
929 3745 1144 3830 (haruspices)
1175 3745 1304 3813 ‘fulmen

175 3855 392 3921 consiliarium
416 3856 450 3921 id
472 3857 550 3924 esse'
588 3859 805 3943 (monstrant).
848 3861 866 3944 ξ
891 3863 946 3924 14:
975 3863 1099 3923 ‘contra
1120 3857 1303 3943 philosophi

174 3968 347 4033 eandorem
368 3969 452 4051 ignis
473 3969 559 4034 sacri
584 3975 718 4054 repente
745 3970 910 4054 conspecti
931 3969 1011 4035 nihil
1032 3968 1215 4053 significare
1237 3971 1302 4035 aie·

173 4080 254 4145 bant
275 4080 332 4145 sed
356 4101 425 4145 esse
452 4082 586 4146 acrioris
615 4082 748 4164 spiritus
772 4103 900 4147 cursum
924 4103 963 4147 ex
986 4082 1118 4147 aethere
1140 4081 1302 4164 eliquari

174 4191 216 4256 ad
246 4191 400 4256 inferiora
432 4192 613 4274 detrusum;
640 4198 710 4258 aut
729 4194 763 4258 si
785 4194 900 4259 exinde
922 4193 1147 4278 praenoscitur
1169 4193 1301 4277 aliquid,

172 4303 372 4368 incrementa
401 4305 604 4370 claritudinis
623 4305 824 4389 ⁴imperatori
852 4292 1008 4391 portendi
1039 4306 1181 4390 gloriosa
1206 4327 1300 4390 coep-
