2956 4950
727 394 935 455 „40-

268 565 301 625 et
323 560 413 623 dedit
856 559 1067 643 praetendere
1090 559 1342 642 gubernaculum

268 676 301 738 et
320 671 465 737 subdidit
856 673 887 736 ei
910 679 1025 751 rotam,

268 788 306 849 ut
327 804 391 848 non
413 783 580 867 ignoretur
856 783 1097 848 universitatem
1116 802 1229 865 regere
1250 803 1309 867 per
1330 781 1398 846 ele·

857 900 966 959 menta
988 895 1171 959 discurrens
1192 894 1316 960 omnia'.

370 1005 513 1071 Maxima
535 1011 689 1091 exparte
711 1005 812 1071 refert
834 1007 1035 1087 Ammianus3
1058 1027 1155 1071 unum
1177 1010 1303 1070 tantum
1320 1026 1398 1088 cog-

267 1139 383 1183 nomen
405 1118 497 1183 addit
517 1118 687 1183 Adrastiae
708 1119 775 1183 sine
792 1117 986 1183 reclusione:
1010 1118 1068 1182 ‘ius
1082 1117 1244 1201 quoddam
1259 1118 1398 1183 sublime

268 1229 409 1296 efficacis
429 1231 586 1295 numinis'.
630 1230 732 1295 Deam
748 1236 857 1295 autem
879 1229 929 1294 vel
943 1250 1113 1313 personam
1131 1229 1270 1295 divinam
1288 1231 1398 1313 pinnis

269 1348 302 1408 et
324 1341 543 1424 gubernaculo
567 1346 598 1406 et
620 1348 692 1407 rota
708 1349 855 1407 ornatam
872 1362 975 1425 paene
990 1347 1088 1424 negat
1110 1362 1188 1406 esse.
1232 1341 1398 1425 ‘Theologi

268 1453 401 1518 veteres'
425 1458 458 1518 et
480 1453 553 1518 ‘alii'
577 1452 785 1542 (philosophi)
808 1459 840 1517 et
862 1453 1020 1519 ‘fabulosa
1051 1453 1203 1519 vetustas'
1234 1453 1400 1519 coniuncti

267 1565 318 1631 ius
340 1564 419 1631 illud
442 1565 580 1630 numinis
599 1564 741 1630 humana
768 1566 874 1649 specie
905 1565 1080 1631 induerunt
1091 1565 1125 1648 1).
1169 1565 1283 1649 Itaque
1307 1570 1399 1631 totus

267 1677 358 1742 locus
389 1683 486 1759 atque
518 1698 556 1740 ea
587 1698 670 1759 quae
693 1683 871 1760 sequuntur
895 1698 997 1758 nsque
1028 1677 1070 1741 ad
1098 1676 1195 1742 finem
1223 1677 1299 1743 libri
1321 1678 1399 1743 XIV

268 1788 373 1873 (baec
400 1789 530 1854 fortuna
556 1788 730 1854 mutabilis’
762 1792 857 1875 §303
886 1794 979 1871 ‘quae
1008 1789 1114 1853 omnia
1143 1789 1171 1853 si
1197 1790 1279 1854 scire
1309 1788 1398 1873 quis-

269 1922 366 1984 quam
397 1901 473 1965 velit
502 1921 599 1983 quam
627 1901 718 1965 varia
748 1901 812 1965 sint
841 1907 874 1965 et
899 1901 1043 1964 adsidua’
1074 1903 1091 1986 ᾖ
1119 1883 1173 1985 34)
1205 1902 1312 1966 omnia
1340 1902 1401 1967 illa

269 2012 350 2076 nihil
372 2011 460 2077 aliud
483 2018 558 2077 sunt
587 2034 626 2076 ac
652 2013 698 2096 pii
724 2012 883 2096 utilesque
908 2012 947 2076 de
969 2013 1185 2077 inconstantia
1208 2035 1315 2078 rerum
1336 2014 1400 2080 hu·

268 2145 436 2191 manarum
459 2129 492 2189 et
513 2125 638 2190 iustitia
659 2125 823 2207 regiminis
845 2125 956 2189 mundi
978 2123 1149 2189 sermones.

370 2236 483 2320 Neque
504 2242 649 2303 mutatur
674 2237 736 2302 hoc
765 2242 910 2301 nostrum
932 2236 1084 2301 iudicium
1110 2236 1244 2302 alterius
1265 2238 1320 2321 qui
1343 2259 1397 2303 ex·

270 2354 336 2415 stat
364 2348 403 2413 de
433 2348 561 2414 Nemesi
589 2350 652 2414 loci
681 2348 805 2415 verbis:
835 2349 927 2413 XXII
959 2355 986 2414 3.
1012 2353 1049 2413 12
1080 2349 1265 2433 (Eusebius)
1292 2357 1401 2433 ‘quem

348 2460 468 2524 elatum
511 2460 649 2545 ideoque
681 2460 932 2539 intolerabilem,
969 2461 1182 2526 humanorum
1220 2463 1402 2545 spectatrix

269 2572 422 2636 Adrastia
451 2593 562 2637 aurem
592 2611 629 2620 -
661 2573 748 2657 quod
777 2572 895 2638 dicitur
918 2610 959 2621 —
988 2572 1108 2638 vellens
1137 2594 1333 2656 monensque
1362 2580 1403 2640 ut

270 2684 459 2766 castigatius
481 2685 610 2763 viveret,
631 2685 843 2749 reluctantem
862 2685 1072 2768 praecipitem
1090 2691 1256 2768 tamquam
1278 2706 1295 2750 e
1317 2706 1401 2770 rupe

271 2795 412 2880 quadam
435 2796 501 2878 egit
523 2797 668 2863 excelsa'.
712 2796 813 2861 Immo
843 2798 1001 2861 varietate
1024 2802 1057 2861 et
1080 2797 1263 2863 confusione
1285 2799 1401 2880 imagi-

269 2929 345 2972 num
368 2907 463 2973 facile
485 2914 697 2992 cognoscetur
719 2909 800 2974 haec
823 2909 929 2974 omnia
952 2929 1022 2973 esse
1044 2910 1144 2974 verba
1165 2910 1326 2976 translata
1348 2917 1401 2976 at·

270 3040 332 3102 que
354 3019 491 3103 poetica.

372 3130 436 3197 Sed
463 3133 541 3216 quid
572 3133 612 3197 de
642 3132 771 3199 Iustitia
799 3133 979 3217 ceterisque
1008 3133 1245 3198 iudicabimus?
1290 3135 1401 3201 Prius-

374 3323 398 3389 l)
417 3321 584 3377 Accusatius
609 3323 682 3376 hunc
709 3323 802 3376 locum
826 3326 1033 3392 perscrutantes
1056 3322 1180 3376 videmus
1207 3323 1241 3378 de
1259 3322 1402 3380 Ammiani

272 3409 472 3463 consuetudine
492 3408 629 3463 referendi
648 3408 751 3462 eadem
762 3409 853 3464 valere
872 3426 941 3478 quae
959 3409 993 3462 de
1012 3409 1095 3484 modo
1113 3409 1224 3463 dicendi
1241 3415 1323 3480 atque
1341 3412 1402 3466 imi·

269 3494 346 3548 tandi
364 3494 435 3548 dicit
451 3493 573 3550 Michael
590 3515 617 3565 p.
637 3498 683 3549 16:
710 3495 847 3549 ‘flosculos
873 3495 956 3548 modo
981 3499 1057 3548 recte
1082 3495 1208 3564 exhibet,
1234 3497 1317 3550 modo
1336 3514 1402 3552 cum

270 3581 325 3634 suis
343 3581 435 3635 verbis
453 3582 615 3651 permiscet,
635 3580 718 3635 modo
735 3585 832 3649 mutat,
852 3585 884 3634 ut
901 3581 1022 3634 dubitari
1039 3586 1166 3650 nequeat,
1186 3583 1251 3651 quin
1269 3600 1402 3638 memo·

270 3667 363 3720 riter
381 3684 475 3720 omnes
492 3668 639 3736 protulerit
719 3665 780 3721 fieri
799 3685 854 3720 non
872 3667 979 3736 potuit,
1004 3668 1069 3736 quin
1148 3668 1231 3722 etiam
1248 3669 1402 3738 ignarus

271 3770 303 3807 ea
321 3753 460 3822 proferret
480 3770 549 3821 quae
569 3752 643 3822 apud
662 3752 729 3807 alios
749 3753 872 3823 legerat'.

372 3837 443 3893 Nam
460 3840 593 3893 memoria
611 3844 708 3893 tenens
725 3841 814 3894 varias
832 3841 906 3908 apud
920 3841 1010 3893 varios
1025 3841 1176 3909 scriptores
1191 3840 1278 3894 lectas
1294 3841 1403 3909 opinio-

269 3941 318 3978 nes
335 3925 432 3977 miram
460 3925 535 3978 illam
560 3925 751 3979 confusionem
774 3926 907 3995 perfecit:
933 3927 994 3979 ‘ius
1013 3928 1181 3981 numinis—
1199 3927 1254 3981 Iun.
1273 3927 1338 3981 circ.
1358 3946 1403 3983 su·

270 4028 363 4080 perpo
375 4011 500 4065 situm'.
518 4043 552 4050 —
570 4011 646 4080 Quae
663 4013 724 4080 ipsa
740 4013 858 4066 varietas
883 4015 912 4065 et
929 4012 1053 4066 confusio
1072 4014 1270 4066 sententiarum
1288 4011 1403 4068 demon·

270 4101 339 4151 strat
364 4095 542 4151 Ammianum
569 4101 598 4151 et
623 4115 678 4151 non
704 4115 793 4166 pauca
818 4098 918 4167 legisse
945 4103 974 4152 et
997 4099 1088 4167 ipsum
1106 4099 1265 4152 -etiamsi
1288 4116 1345 4152 non
1366 4101 1404 4155 ad

269 4183 382 4252 planum
399 4184 537 4252 quoddam
553 4182 779 4253 perfectumquae
793 4184 926 4239 iudIcinm
943 4186 1071 4256 pervenit
1087 4215 1120 4224 —
1140 4186 1248 4255 saepius
1263 4186 1403 4256 cogitasse

270 4268 374 4324 dehac
393 4285 431 4323 re.
