2956 4950
706 413 916 472 ..6.-

250 581 306 645 des
329 579 425 643 dieux
448 579 487 644 de
510 577 619 643 Julien
649 599 689 643 en
708 575 905 661 particulier'
917 577 951 662 1),
981 581 1080 661 atque
1109 576 1149 642 de
1169 573 1373 660 philosophie

249 713 280 776 p.
306 696 356 771 84,
384 710 468 774 quae
489 689 576 755 infra
596 690 739 756 refutata
758 675 908 755 invenies.

351 804 423 882 Qua
445 802 486 868 de
507 823 612 868 eausa.
628 802 780 886 quoniam
800 822 852 867 res
874 800 925 866 his
946 800 1072 866 duobus
1087 800 1188 866 Curtii
1210 804 1243 865 et
1265 787 1394 877 Gima?

249 914 333 980 zanii
355 915 598 997 quaestionibus
619 914 749 979 minime
775 913 818 978 ad
842 912 1000 996 liquidum
1024 912 1190 997 produota
1205 932 1275 977 esse
1296 909 1376 976 mihi

240 1026 389 1105 uidetur,
412 1046 530 1110 operae
551 1027 691 1111 pretium
712 1045 782 1091 esse
804 1025 946 1090 arbitror
968 1023 1073 1090 denuo
1093 1024 1282 1109 perquirere
1304 1021 1375 1106 qui·

249 1136 311 1204 bus
332 1136 523 1222 apartibus
545 1136 705 1222 religiosis
727 1137 854 1203 steterit
876 1136 1078 1216 Ammianus,
1108 1135 1187 1220 quid
1216 1135 1255 1200 de
1277 1132 1375 1200 rebus

251 1250 366 1315 divinis
386 1249 587 1315 iudicaverit.
630 1251 737 1334 Atque
758 1271 799 1314 ne
819 1250 852 1314 in
875 1248 988 1314 eadem
1009 1245 1100 1328 vitia,
1128 1248 1162 1312 in
1176 1268 1268 1331 quae
1288 1247 1375 1332 prio-

250 1383 313 1442 res,
334 1361 523 1442 inoidamus‚
546 1362 588 1428 ab
611 1361 759 1428 omnibus
781 1347 972 1426 oonieoturis
985 1381 1119 1445 prorsus
1133 1359 1375 1440 abstinebimus,

250 1475 323 1559 ipsa
344 1473 439 1540 modo
462 1474 563 1539 verba
590 1473 757 1558 scriptoris
787 1473 830 1538 ad
857 1493 926 1539 rem
958 1471 1197 1538 diiudicandum
1218 1471 1375 1557 produce·

251 1604 331 1666 mus,
354 1606 393 1651 ea
406 1590 514 1650 autern
527 1585 616 1666 loeis,
642 1586 698 1670 qui
717 1585 847 1670 quidem
867 1583 931 1651 huo
947 1590 1104 1669 spectant,
1125 1584 1213 1651 nullo
1228 1584 1375 1668 neglecto

253 1699 399 1765 omnibus
420 1702 548 1763 utentes
570 1697 741 1781 diligenter
759 1696 1045 1782 perscrutabimur.

355 1810 451 1876 Modo
484 1809 551 1875 dixi
587 1831 645 1876 nos
682 1810 885 1893 quaesituros
913 1831 998 1889 esse,
1033 1809 1151 1893 quibus
1180 1808 1376 1894 apartibus

252 1923 381 1989 steterit
416 1921 603 1987 Ammianus
643 1927 676 1988 et
710 1921 787 2005 quid
823 1921 864 1986 de
900 1920 997 1986 rebus
1034 1920 1148 1987 dimnis
1177 1921 1375 1987 iudicaverit.

251 2035 395 2099 Primum
423 2034 523 2118 igitur
553 2034 635 2099 soire
658 2035 819 2118 cupimus,
851 2055 928 2098 num
962 2038 1084 2099 oertam
1115 2034 1223 2117 quarti
1255 2032 1376 2099 saeculi

253 2151 375 2212 sentam
396 2167 431 2211 se
454 2146 545 2229 sequi
567 2147 636 2231 ipse
659 2147 724 2212 sive
746 2146 842 2212 modo
864 2146 990 2211 dicendi
1013 2146 1080 2211 sive
1101 2146 1197 2211 modo
1219 2145 1259 2210 de
1280 2145 1377 2211 seotis

251 2258 416 2325 iudicandi
437 2279 496 2323 nos
518 2257 641 2324 dooeat.
686 2259 838 2339 Quaestio
864 2263 913 2324 est
934 2259 1040 2342 prima
1060 2263 1168 2323 utrum
1183 2257 1377 2324 christianus

253 2392 294 2436 an
316 2391 461 2454 paganus
490 2370 597 2436 fuerit.
649 2371 713 2436 Sed
741 2391 813 2436 oum
842 2370 1029 2436 ‘christiana
1058 2370 1180 2455 religio’
1209 2370 1377 2436 notissima

255 2488 353 2567 atque
377 2464 557 2549 certissima
576 2483 634 2564 sit,
655 2484 873 2568 ‘paganorum’
895 2483 1022 2548 nomine
1043 2484 1248 2548 eontinentur
1269 2488 1377 2548 sectae

254 2596 379 2676 variae,
408 2596 547 2660 maxime
575 2542 660 2660 intel
686 2616 720 2660 se
746 2595 946 2676 differentes,
979 2615 1063 2678 quae
1083 2594 1146 2660 hoo
1165 2615 1229 2661 uno
1251 2579 1384 2661 vinculo

252 2708 441 2792 iunguntur,
464 2707 550 2790 quod
572 2728 636 2772 non
658 2712 734 2773 eunt
754 2707 929 2772 christiani.
972 2707 1095 2791 Pagani
1117 2707 1194 2773 etii
1215 2713 1298 2787 sunt,
1322 2707 1378 2789 qui

254 2841 325 2886 esse
352 2818 475 2885 nullum
506 2825 539 2885 et
569 2821 625 2903 qui
647 2821 773 2885 ratione
796 2818 1061 2903 philosophorum
1083 2819 1284 2903 quorundam
1307 2840 1377 2884 esse

253 2954 353 2998 unum
383 2931 494 3013 deum,
525 2932 663 3017 denique
692 2933 842 3017 quiesse
872 2931 1053 3016 complures
1082 2932 1224 2997 erodant.
1269 2932 1376 2997 Etiam

253 3045 285 3125 ii,
308 3044 364 3128 qui
382 3044 492 3129 plures
515 3065 584 3111 esse
606 3044 684 3129 deos
707 3044 850 3123 erodant,
871 3043 1099 3129 polytheistae,
1120 3044 1154 3108 in
1174 3044 1281 3110 varias
1300 3065 1375 3129 par-

254 3161 303 3221 tes
333 3155 526 3222 dividuntur.
575 3157 702 3241 Optime
733 3162 841 3221 autem
868 3177 979 3221 earum
1008 3177 1074 3221 uua
1101 3155 1240 3221 discerni
1268 3161 1378 3240 potest

253 3289 346 3352 pars,
376 3289 458 3352 quae
480 3268 610 3352 quidem
639 3268 716 3334 deos
746 3272 886 3348 veteres,
915 3267 993 3333 deos
1019 3268 1138 3334 veteris
1158 3269 1207 3333 rei
1227 3267 1377 3352 publicae

254 3379 419 3464 religionis
437 3380 522 3445 colit.
566 3381 680 3465 Itaque
697 3380 848 3464 quoniam
863 3380 944 3445 duas
961 3384 1088 3445 tantum
1102 3379 1274 3464 religiones
1290 3385 1377 3446 certe

255 3492 363 3557 dioere
388 3513 573 3575 possumus,
586 3569 588 3573 ¹
603 3492 811 3558 christianam
842 3499 874 3558 et
904 3498 1045 3558 veterem
1075 3494 1123 3558 rei
1148 3492 1317 3577 publicae,
1350 3494 1378 3558 si

254 3604 339 3670 forte
368 3604 475 3669 neutri
497 3605 700 3670 Ammiannm
719 3605 862 3671 tribuere
890 3626 1075 3689 possumus,
1106 3605 1247 3670 seounda
1268 3592 1380 3670 existit

358 3856 384 3924 1)
406 3857 429 3909 1.
450 3855 556 3909 etiamsi
574 3855 614 3910 ila
632 3858 718 3923 esset,
744 3858 836 3909 temen
854 3873 910 3909 non
934 3855 1153 3911 demonstratum
1171 3858 1244 3909 esset
1262 3855 1313 3909 hos
1330 3873 1378 3926 pa-

255 3958 390 4011 ganorum
416 3946 445 3996 et
469 3941 575 3996 Juliani
598 3941 665 3996 deos
690 3959 746 3994 non
770 3941 853 3997 fuisse
875 3941 1023 3996 Ammiani.
1057 3945 1082 3996 2.
1100 3942 1149 3997 sed
1166 3941 1268 3996 erravit
1288 3940 1378 3995 Gima·

255 4028 348 4082 sanius
366 4028 535 4097 gravisdrne.
571 4027 675 4082 Videas
700 4025 771 4080 XXI
797 4031 885 4097 1.‚14;
912 4027 984 4082 XXI
1003 4032 1042 4084 14.
1061 4031 1077 4084 3
1096 4033 1124 4082 et
1140 4029 1170 4095 ὃς
1197 4025 1286 4081 XXII
1303 4031 1327 4081 8.
1346 4030 1385 4096 23'

255 4112 356 4168 XXIV
373 4116 395 4168 8.
415 4118 432 4168 4
450 4113 665 4182 (‘scitabamur')
693 4117 721 4168 et
742 4115 843 4168 multos
868 4115 936 4168 alios
961 4115 1046 4168 loooe.
1081 4113 1126 4168 Ex
1143 4114 1282 4168 contraria
1298 4118 1378 4182 parte

255 4217 353 4254 —non
365 4200 455 4254 minus
472 4199 540 4253 falso
553 4203 608 4253 stat
617 4199 703 4254 Haar.
714 4199 841 4255 Valesius
859 4201 899 4268 (in
914 4200 1035 4255 editione
1044 4199 1143 4270 Wagn.
1152 4199 1211 4254 Ilrf.
1226 4218 1253 4270 p.
1265 4197 1376 4268 XLII):

256 4285 299 4340 ‘de
317 4285 368 4339 diis
386 4286 511 4356 gentium
527 4289 668 4355 tamquam
686 4286 720 4340 de
739 4286 794 4340 suis
812 4303 921 4356 semper
935 4287 1072 4357 loquitur'.
