2956 4950
565 383 778 444 ..27-

105 551 272 635 quaesitus
288 550 426 635 reperiri
447 570 511 615 non
524 551 640 634 potnit
662 599 705 615 ...
728 549 792 615 Sed
814 556 852 617 ut
864 555 942 616 tunc
955 551 1012 634 qui
1027 557 1114 617 esset
1130 552 1236 636 pulcri

104 662 257 729 facinoris
285 666 400 728 auctor
420 662 549 746 penitus
578 667 628 728 est
656 660 858 746 ignoratum,
887 662 936 728 ito
956 684 1042 729 nunc
1064 663 1128 728 ...’.
1152 662 1234 729 Nam

103 759 185 841 illud
207 775 244 841 ‘si
339 773 540 858 permittunt'
569 773 656 840 idem
686 772 773 842 valet
801 795 840 840 ac
870 774 957 858 quod
978 795 1079 860 supra
1100 774 1236 860 protuli·

104 909 176 954 mus
198 887 235 955 ‘si
255 887 376 953 iustum
400 890 450 952 est
465 885 563 952 credi'
585 887 629 972 (p.
648 888 710 972 lo).
741 875 813 951 'nis
836 885 921 952 euim
939 907 979 953 ac
991 884 1113 955 talibus
1127 885 1236 954 verbis

106 1000 293 1067 Ammianus
314 998 496 1065 narrationi
517 997 753 1065 dubitationem
776 995 877 1064 addit.

207 1111 272 1178 Sed
291 1109 363 1177 ¹non
395 1110 498 1177 solum
528 1108 674 1191 dubitat,
701 1130 779 1177 num
808 1108 860 1175 dei
890 1114 928 1176 ut
957 1131 1117 1195 personae
1137 1131 1236 1195 agere

106 1225 241 1310 possint,
263 1245 374 1291 verum
397 1223 494 1290 etiam
516 1222 597 1308 ipsis
614 1221 721 1289 verbis
743 1221 823 1288 dicit
844 1243 901 1289 eos
920 1244 986 1288 non
1001 1243 1158 1307 personas
1179 1224 1237 1290 sed

104 1337 260 1422 imagines
281 1340 408 1403 tantum
430 1341 489 1402 aut
511 1335 655 1420 partium
670 1339 809 1408 naturae
831 1336 995 1420 (umentis
1010 1335 1237 1422 substantiae')

106 1455 163 1515 aut
184 1454 355 1515 eventuum
376 1447 574 1515 naturalium
594 1449 716 1533 (arcus
738 1446 911 1533 caelestis')
932 1453 991 1515 aut
1010 1448 1126 1514 virium
1141 1454 1235 1515 natu·

105 1561 222 1627 ralium
244 1559 387 1645 (uigoris
408 1559 551 1643 vivifici’)
573 1580 653 1626 ease.
697 1559 788 1626 XVII
812 1566 840 1625 7.
866 1564 914 1640 12,
946 1558 1004 1627 ubi
1033 1559 1074 1626 de
1095 1559 1237 1626 motibus

105 1678 213 1739 terrae
244 1673 329 1757 agit,
358 1671 452 1738 dicit:
480 1671 628 1756 ‘ideoque
658 1671 843 1756 Neptunum
873 1671 1013 1739 umentis
1035 1671 1237 1740 substantiae

96 1790 356 1870 *potestatem
378 1784 603 1869 Ennosigaeon
626 1788 659 1850 et
674 1783 881 1850 Sisichthona
902 1789 1050 1868 poetae
1073 1789 1236 1853 veteres

106 1904 139 1965 et
158 1896 344 1983 theologi
370 1907 645 1982 nuncupaverunt.
696 1895 757 1961 XX
774 1901 822 1964 11.
840 1902 890 1976 30,
913 1894 1099 1965 describens
1123 1918 1235 1963 arcum

107 2009 278 2077 caelestem
306 2009 431 2095 pergit:
470 2015 513 2076 ‘ot
538 2008 691 2093 quoniam
719 2007 874 2075 indicium
910 2014 961 2075 est
988 2009 1236 2094 permutationis

107 2143 207 2188 aurae
299 2120 391 2188 ideo
411 2119 517 2206 apud
539 2125 684 2206 poetas
703 2120 840 2206 legimus
863 2142 961 2206 saepe
984 2121 1062 2188 Irim
1082 2121 1123 2188 de
1145 2121 1235 2188 caelo

106 2234 200 2314 mitti,
220 2255 293 2299 cum
313 2233 534 2319 praesentium
556 2254 665 2300 rorum
686 2234 770 2301 verti
790 2254 922 2301 necesse
946 2232 989 2300 sit
1009 2234 1132 2301 status’.
1159 2234 1235 2301 XIX

106 2352 178 2414 4.2
207 2345 287 2412 dicit
321 2367 438 2413 causas
467 2345 728 2431 pestilentiarum
761 2367 832 2414 osse
865 2345 1074 2414 ‘nimietatem
1107 2345 1237 2431 frigoris

107 2465 165 2526 aut
186 2459 304 2525 caloris
327 2458 377 2525 vel
399 2458 521 2525 umoris
541 2458 593 2524 vel
615 2457 780 2525 siccitatis’
807 2463 906 2542 atque
931 2458 1038 2544 pergit
1058 2461 1076 2546 ᾖ
1099 2464 1134 2525 2:
1169 2457 1237 2524 ‘sed

106 2577 228 2657 quanto
249 2571 334 2656 ignis
356 2571 508 2638 materies
537 2571 654 2639 ceteris
683 2576 733 2637 est
759 2569 939 2652 efficacior,
967 2576 1061 2639 tanto
1087 2569 1131 2637 ad
1151 2569 1236 2655 peri-
1347 2660 1349 2662 -

105 2683 256 2751 mendum
281 2683 418 2751 celerior
446 2683 584 2750 siccitas.
627 2685 646 2770 ἓ
669 2688 707 2750 3:
737 2682 823 2750 ‘hinc
853 2705 926 2750 oum
955 2683 1123 2751 decennali
1150 2681 1237 2749 bello

107 2796 246 2863 Graecia
272 2794 463 2876 desudaret,
492 2817 533 2862 ne
560 2795 750 2881 peregrinus
777 2817 901 2882 poenas
923 2795 1088 2867 dissociati
1117 2794 1236 2881 regalis

106 2907 302 2974 matrimonii
330 2907 526 2988 lucraretur,
563 2907 748 2976 huiusmodi
776 2913 946 2994 grassante
967 2907 1109 2993 pernicie
1137 2906 1237 2975 telis

106 3019 315 3106 Apollinis
335 3019 464 3105 periere
482 3019 673 3105 complures,
695 3021 763 3106 qui
785 3020 847 3088 sol
867 3019 1133 3088 aestimatur'.

209 3132 372 3199 Rationali
401 3132 501 3217 igitur
529 3132 625 3199 modo
651 3133 887 3218 iuterpretatur
909 3132 1096 3199 Ammianus
1124 3152 1237 3198 versus

104 3244 179 3311 illos
199 3244 236 3312 Il.
258 3271 279 3312 α
301 3249 427 3311 45-52
451 3245 498 3310 ita
518 3250 556 3310 ut
572 3245 661 3311 dicat
681 3244 723 3311 ab
737 3244 908 3330 Appolline
927 3244 947 3309 i.
966 3266 992 3311 e.
1015 3243 1091 3325 sole,
1116 3243 1234 3325 calore,

106 3357 254 3424 siccitate
268 3356 418 3423 morbum
439 3378 510 3423 esse
524 3357 709 3425 excitatum.
753 3358 822 3424 lam
845 3356 945 3424 verba
957 3356 1112 3427 nonnulla
1133 3378 1237 3442 paene

106 3469 331 3555 philosophica
359 3468 540 3537 audiumus
568 3470 675 3557 (ignis
704 3469 857 3537 materies
957 3468 1113 3554 efficax'),
1148 3475 1236 3537 certe

105 3581 316 3667 philosophos
338 3582 484 3666 sequitur
506 3582 582 3649 XVI
604 3589 631 3650 5.
655 3590 690 3650 δε
720 3582 901 3668 ‘(Iulianus)
927 3581 1052 3649 occulto
1074 3576 1236 3648 Mercurio

107 3691 329 3779 supplicabat,
364 3715 461 3778 quem
490 3694 602 3761 mundi
627 3695 819 3762 velociorem
854 3715 982 3762 sensum
1014 3716 1084 3761 esse
1114 3701 1236 3762 motum

107 3806 262 3872 mentium
282 3807 492 3873 suscitantem
514 3806 716 3892 theologicae
738 3806 911 3892 prodidere
939 3806 1115 3874 doctrinae’
1139 3809 1237 3892 (quae

107 3916 208 3985 verba
238 3918 497 3986 Burckhardtiua
523 3920 572 3985 ita
601 3920 699 3986 vertit
727 3919 795 3986 ‘das
825 3919 1151 4005 Beweguugsprincip
1180 3918 1237 3985 des

108 4030 348 4115 Weltgannen’).
392 4030 438 4097 ef.
461 4031 514 4097 hic
536 4032 712 4098 sententias
734 4038 771 4099 ut
792 4032 870 4098 has:
896 4032 955 4098 XX
981 4036 1009 4098 3.
1035 4036 1072 4097 12
1096 4031 1238 4116 ‘spiritus

107 4143 275 4213 cuiusdam
294 4143 412 4210 interni
428 4150 518 4212 motu
531 4166 688 4229 suspensa
703 4147 759 4236 (ec.
776 4145 888 4235 terra)’
908 4144 1086 4239 (internus
1100 4145 1237 4220 sonasse
