2956 4950
711 373 924 434 ..24-

257 516 319 624 que
340 541 518 623 indulgens'
531 541 574 623 ¹);
597 540 689 604 XXX
712 546 739 605 1.
763 545 803 604 22
836 539 997 624 ‘hospitali
1027 540 1156 605 numine
1185 543 1383 623 contuente'3

255 654 331 719 XVI
355 659 403 718 10.
429 658 466 718 15
490 653 596 718 ‘etiarn
622 652 788 717 numinum
810 651 1001 716 adsensione
1023 651 1207 734 mirabilis’3
1229 652 1335 718 XXIX
1352 659 1382 719 2.

259 771 296 832 19
320 765 516 850 ⁴(Areopag.)
543 785 679 848 quorum
702 764 849 847 aequitas
872 761 1005 828 deornm
1026 784 1154 847 quoqne
1176 764 1282 848 iurgia
1304 765 1384 830 dici-

255 882 309 942 tur
331 875 539 958 distinxisse’3
564 876 705 969 nvllo
730 880 753 966 1
771 875 874 959 ‘quasi
896 875 1021 941 recluso
1043 874 1114 939 Iani
1134 875 1282 960 templo’3
1304 876 1383 942 XIX

258 993 306 1053 11.
325 995 343 1054 6
367 986 517 1071 ‘quietem
527 993 695 1071 tamquam
718 987 894 1052 salutarem
912 986 1033 1068 deam'3
1055 987 1163 1052 XXIII
1177 994 1204 1054 6.
1228 994 1247 1053 6
1271 988 1385 1054 ‘numi-

256 1099 306 1166 nis
334 1100 403 1166 vice
432 1082 745 1180 cumvenerantur'3
768 1099 909 1166 XXII9.
934 1104 973 1165 14
1008 1100 1051 1164 ‘in
1078 1100 1216 1184 speciem
1247 1100 1386 1167 alicuius

255 1212 394 1278 numinis
417 1212 577 1296 excipitur
599 1211 682 1277 votis
699 1211 878 1297 (Iulianus)’
902 1211 954 1296 (cf.
973 1217 1010 1277 ut
1023 1211 1135 1277 uideas
1149 1211 1234 1277 banc
1255 1217 1384 1279 tantum

257 1324 392 1409 phrasin
413 1324 575 1409 poeticam
600 1344 678 1403 esse,
701 1323 798 1389 aliam
821 1324 993 1406 imaginem
1008 1325 1082 1389 XVI
1100 1331 1128 1390 5.
1146 1331 1185 1391 14
1208 1330 1384 1408 ‘tamquam

258 1433 358 1502 solem
378 1435 441 1501 sibi
463 1457 611 1502 serenum
637 1441 712 1520 post
734 1436 919 1520 squalentes
945 1436 1096 1502 tenebras
1126 1436 1305 1502 adfulsisse'
1335 1443 1384 1502 at-

257 1570 319 1633 que
342 1548 429 1631 qnod
451 1569 550 1632 supra
572 1548 637 1612 iam
659 1548 976 1614 commemoravimus
997 1548 1091 1614 XXII
1114 1554 1141 1613 2.
1165 1555 1185 1614 4
1208 1554 1385 1633 ‘tamquam

258 1660 432 1727 demissum
454 1659 493 1726 de
517 1660 640 1745 caelo’).

359 1772 579 1839 Praetermitti
609 1776 718 1837 autem
750 1772 878 1838 omnino
914 1779 1050 1857 possunt
1078 1794 1161 1858 quae
1192 1778 1321 1838 exstant
1350 1775 1385 1839 16

258 1884 458 1951 orationibus
488 1905 508 1949 a
536 1884 661 1950 Iuliano
688 1884 826 1950 habitis:
858 1884 934 1949 XIX
964 1890 1012 1951 10.
1036 1891 1071 1967 33
1101 1886 1191 1950 XXV
1220 1890 1248 1950 3.
1283 1892 1320 1952 15
1352 1892 1386 1952 61

261 2004 308 2063 17.
352 1997 434 2061 Nam
456 2017 615 2079 nusquam
638 1997 825 2062 Ammianus
852 1997 969 2062 Iuliani
991 1997 1097 2062 verbis
1124 2003 1161 2063 ut
1182 1998 1248 2063 suis
1271 1999 1382 2065 utitur.

258 2109 350 2189 Quod
373 2112 481 2174 autem
503 2109 663 2193 quispiam
679 2109 851 2174 concludat
872 2130 912 2173 ex
934 2109 1059 2174 ratione
1074 2130 1184 2175 aarum
1200 2111 1383 2176 orationum

257 2221 501 2288 referendarum
538 2220 760 2287 Marcellinum
802 2242 867 2286 non
904 2219 1003 2288 fuisse
1036 2221 1199 2287 inimicum
1236 2223 1383 2305 religioni

258 2333 374 2400 Iuliani
404 2333 624 2418 pristinaeque
653 2334 701 2399 roi
729 2332 894 2418 publicae,
924 2338 957 2399 et
981 2355 1020 2399 ex
1042 2334 1115 2400 aliis
1135 2334 1216 2400 locis
1236 2334 1298 2399 hoc
1319 2335 1383 2427 iam

258 2445 471 2531 comperimus
492 2465 596 2528 neque
616 2446 680 2529 ipsi
701 2466 853 2531 nmquam
876 2466 1037 2529 negamus.

359 2558 473 2641 Itaque
493 2557 630 2623 uidimus
645 2558 814 2648 permultis
836 2559 915 2623 locis
937 2557 1033 2624 ‘deos’
1055 2558 1106 2623 uel
1128 2559 1276 2624 ‘numina'
1299 2581 1385 2625 com·

258 2672 443 2751 memorari,
467 2691 507 2735 ex
529 2669 647 2753 quibus
667 2675 776 2735 tamen
797 2670 879 2735 nihil
900 2669 940 2734 (16
961 2670 1117 2754 religione
1140 2671 1298 2736 Ammiani
1320 2672 1386 2737 col·

256 2783 314 2866 ligi
335 2787 451 2868 potest.
497 2783 602 2867 Atque
632 2781 659 2847 si
688 2786 782 2866 putet
807 2783 967 2866 quispiam
997 2782 1139 2866 singulos
1162 2783 1290 2866 quidem
1312 2783 1386 2850 illos

123 2960 128 2971 ,
257 2896 355 2976 16666,
377 2915 636 2977 unumquemque
651 2914 710 2979 pro
724 2914 767 2974 66,
790 2894 870 2960 nibil
883 2894 1000 2975 ualere,
1024 2895 1081 2960 sed
1096 2895 1181 2980 quod
1196 2900 1263 2960 tam
1281 2895 1395 2989 multi„

259 3007 353 3090 quasi
373 3007 533 3072 innumeri
554 3006 774 3087 inveniantur,
805 3006 904 3072 silvae
926 3007 1020 3091 quasi
1042 3028 1153 3073 eorum
1175 3007 1386 3074 6166166661-

257 3119 320 3184 tati
341 3119 405 3185 vim
426 3118 567 3203 aliquam
590 3118 832 3184 demonstrandi
854 3140 924 3184 esse
945 3119 1167 3200 tribuendam,
1189 3119 1385 3204 respondea-

258 3253 344 3296 mus:
368 3251 408 3296 sa
426 3223 467 3296 de
489 3251 589 3296 causa
609 3236 677 3296 tam
700 3251 797 3314 saepe
820 3231 897 3297 (1666
916 3231 1159 3297 commemorari
1172 3252 1303 3298 necesse
1326 3237 1386 3312 est,

259 3342 345 3427 qnod
361 3343 501 3427 scriptor
515 3343 633 3408 multas
649 3343 818 3428 apaganis
839 3348 947 3427 gestas
968 3348 1156 3424 resumat,
1179 3343 1264 3427 qnod
1287 3343 1388 3411 urbes

259 3477 340 3540 quas
361 3454 516 3520 describit
537 3454 673 3539 paganis
695 3454 841 3521 artificiis
857 3456 997 3522 refertae
1013 3461 1113 3536 erant
1136 3455 1223 3540 quod
1246 3455 1385 3541 denique

260 3567 447 3633 Ammianus
470 3567 605 3632 latinam
635 3567 697 3632 sibi
725 3567 870 3651 linguam
899 3568 1034 3653 paganis
1056 3568 1268 3652 scriptoribus
1291 3590 1386 3634 aecu-

258 3680 420 3745 ratissime
442 3677 535 3744 lectis
558 3680 751 3745 excoluerat.
796 3682 883 3760 Quas
907 3680 948 3745 ob
972 3702 1085 3746 666666
1102 3679 1174 3745 fieri
1195 3702 1259 3746 666
1280 3681 1388 3766 potuit

259 3792 336 3877 quin
359 3790 487 3875 saepius
510 3790 587 3856 (1666
615 3798 889 3859 commemoraret.
934 3793 998 3859 Sed
1016 3799 1245 3858 commemorat
1259 3797 1386 3859 tantum

259 3903 351 3982 deos,
385 3923 543 3988 nusquam
577 3925 631 3970 666
664 3910 797 3989 agentes
826 3904 906 3970 16611
943 3906 1004 3972 6161
1035 3895 1113 3972 16616
1145 3905 1210 3971 illis
1243 3905 1387 3971 duobus:

363 4173 388 4240 l)
408 4171 496 4240 Quam
514 4173 677 4227 sententiam
694 4191 798 4228 meram
815 4173 946 4243 loquendi
963 4173 1079 4246 figuram
1098 4191 1157 4228 esse
1177 4173 1260 4229 etiam
1278 4172 1388 4230 (lartius

260 4258 390 4312 concedit
410 4260 448 4329 (p.
466 4260 518 4328 26).
