2956 4950
634 371 849 453 ..ὅό-1

179 549 374 640 petramque
396 555 466 623 fore
482 557 647 642 respondit
736 559 955 641 tranquillitas
977 581 1066 625 mare
1086 560 1223 627 mollivit
1245 562 1308 647 (et)

251 690 349 735 naves
370 669 535 753 ingressae
557 669 725 736 frumentis
746 670 865 736 horrea
886 671 1101 738 referserunt'.

281 782 395 865 Itaque
415 802 478 847 non
499 781 671 863 habemus,
701 783 787 866 quod
809 783 977 849 Ammiano
997 805 1070 849 oum
1092 784 1152 850 deo
1174 785 1225 850 vel
1245 808 1307 850 nu·

179 893 257 959 mini
281 894 451 979 imperium
473 894 584 960 mundi
606 899 638 960 et
659 895 801 979 regimen
823 916 932 960 rerum
953 895 1166 961 humanarum
1188 896 1308 962 tribuit

179 1003 372 1072 diffidamus.

281 1116 344 1183 Sed
367 1139 450 1201 quse
471 1122 522 1183 011
539 1122 658 1183 natura
678 1118 764 1184 illius
787 1117 940 1199 numinis,
963 1119 1123 1202 quomodo
1146 1119 1306 1187 sehabet

178 1229 221 1295 ad
242 1228 410 1296 homines?

177 1408 179 1413 .
280 1342 433 1408 Homines
456 1340 497 1407 ab
520 1362 558 1407 eo
577 1341 646 1425 regi
669 1343 854 1427 saepissime
884 1347 917 1408 et
937 1342 1034 1408 variis
1064 1344 1230 1409 sententiis
1254 1344 1305 1409 di·

178 1453 279 1519 citur:
310 1458 408 1519 nutus
437 1454 545 1519 XXXI
569 1458 616 1519 10.
642 1458 697 1535 183
726 1454 896 1519 arbitrium
922 1454 982 1519 XV
1004 1460 1034 1520 8.
1058 1460 1093 1536 9;
1122 1455 1304 1539 adspiratio

177 1563 236 1630 XV
259 1570 287 1635 2.
310 1571 347 1647 8;
374 1567 522 1631 voluntas
550 1565 624 1630 XIV
650 1571 697 1631 10.
723 1572 777 1648 12;
808 1566 920 1631 ductat
950 1566 1024 1631 XIV
1048 1571 1095 1631 11.
1121 1572 1175 1648 12;
1206 1567 1307 1634 adest

177 1676 253 1743 XVI
286 1682 335 1743 12.
368 1684 416 1744 18.
465 1672 565 1743 Favet
594 1676 791 1744 hominibus:
820 1679 911 1744 auxit
937 1678 1072 1744 Romam
1094 1679 1171 1744 XIX
1196 1685 1244 1747 10.
1267 1687 1305 1764 43

177 1789 320 1857 extrahit
348 1790 530 1856 discrimine
560 1790 651 1855 XXV
679 1795 707 1856 8.
731 1795 767 1872 3;
797 1789 888 1856 favor
907 1790 983 1855 XVI
1006 1796 1053 1856 12.
1078 1796 1128 1871 62,
1157 1797 1191 1857 01
1211 1792 1305 1858 mult.

177 1903 245 1968 sim.
290 1901 355 1968 Sed
377 1903 475 1969 etiam
497 1900 689 1967 ‘offenditur'
719 1901 809 1967 XXV
832 1907 880 1968 10.
903 1908 917 1968 1
950 1907 1047 1986 atque
1066 1903 1200 1969 ‘laevum
1223 1904 1305 1970 deli-

176 2013 232 2098 git'
254 2013 362 2080 XXXI
378 2019 406 2078 4.
423 2020 451 2080 9.
495 2015 616 2080 Tamen
638 2034 764 2098 semper
785 2014 905 2099 iustum
925 2019 958 2079 et
978 2035 1117 2099 aequum
1140 2021 1205 2081 est:
1227 2016 1305 2083 XIV

179 2131 229 2192 ll.
253 2131 309 2208 24;
333 2125 442 2191 XXIX
464 2131 491 2191 2.
515 2131 564 2192 20.
610 2127 693 2206 Quin
715 2126 812 2191 etiam
830 2125 880 2192 ius
900 2126 1089 2208 ulciscendi,
1115 2127 1165 2193 ius
1186 2126 1306 2194 Neme-

176 2259 248 2304 seos
271 2239 300 2304 ei
321 2238 477 2305 tribuitur
499 2237 574 2303 XIV
598 2244 646 2303 11.
670 2242 719 2304 25.

276 2351 391 2434 Itaque
412 2371 476 2415 non
497 2371 667 2434 possumus
689 2350 766 2434 quin
781 2350 982 2415 Ammiauum
1004 2372 1122 2417 numen
1145 2372 1214 2417 esse
1237 2357 1304 2419 ‘ae-

176 2461 284 2546 quum'
317 2467 350 2528 01
385 2461 521 2528 ‘efficax’
544 2461 718 2528 credidisse
753 2466 911 2546 putemus.
962 2463 1069 2546 Atque
1097 2463 1157 2529 etsi
1183 2485 1306 2530 numen

174 2575 255 2640 illud
283 2595 347 2640 non
377 2573 455 2640 deus
485 2578 592 2640 certus
614 2575 665 2660 (ut
686 2573 765 2640 deus
788 2573 1013 2660 christianus),
1044 2574 1102 2640 sed
1123 2575 1231 2660 potius
1252 2577 1304 2643 vis

174 2686 335 2772 quaedam
363 2685 470 2751 divina
502 2707 636 2770 corpore
666 2685 760 2770 quasi
787 2706 905 2752 vacans
937 2690 1001 2766 est,
1029 2690 1138 2752 tamen
1159 2687 1305 2754 Ammia-

174 2821 251 2865 num
273 2799 362 2884 pium
382 2803 480 2882 atque
503 2798 687 2882 religiosum
709 2797 808 2864 fuisse
829 2798 941 2882 negari
962 2818 1026 2863 non
1046 2804 1164 2882 potest.

276 2911 387 2976 Tertia
408 2910 546 2995 denique
575 2911 740 2994 quaesti0‚
770 2910 822 2975 cui
843 2910 991 2994 religioni
1021 2911 1063 2976 sit
1092 2911 1303 2977 tribuendum

174 3044 292 3089 numen
306 3023 537 3103 Ammianeum
552 3022 736 3088 accuratius
752 3021 922 3087 diiudicari
936 3023 1057 3106 nequit.
1088 3022 1171 3088 Nam
1185 3044 1301 3107 quam-

175 3155 273 3219 quam
294 3135 374 3201 deus
399 3157 464 3200 non
492 3141 542 3200 est
565 3133 774 3215 christianus,
804 3139 913 3201 tamen
941 3135 1095 3218 religione
1124 3134 1302 3203 christiana

174 3248 376 3314 Ammianum
399 3247 598 3313 excolentem
627 3247 789 3312 notionem
818 3247 957 3313 numinis
986 3246 1132 3313 adiutum
1161 3247 1301 3315 fortasse

174 3381 243 3426 esse
265 3360 337 3445 quis
360 3360 486 3443 estqui
507 3361 624 3443 neget?
667 3360 774 3442 Atque
797 3359 923 3425 etiamsi
944 3359 1079 3424 ‘numen’
1101 3360 1181 3426 illud
1203 3367 1299 3426 ‘sum-

172 3472 269 3539 mum'
290 3471 364 3538 Jovi
386 3471 566 3537 Stoicorum
588 3469 716 3563 ὑψιστῳ
740 3471 842 3537 simile
862 3475 912 3536 011
933 3476 1030 3555 atque
1050 3472 1140 3537 XVII
1157 3478 1185 3537 7.
1202 3480 1220 3538 3
1244 3472 1298 3560 (cf.

174 3605 258 3670 quae
279 3584 447 3650 adnotavit
473 3584 515 3649 ad
544 3583 630 3650 huno
659 3584 766 3652 locum
788 3583 934 3648 Valesius
960 3583 994 3648 in
1024 3585 1072 3651 ed.
1096 3583 1207 3668 Wagn.
1229 3584 1298 3651 Eri

135 3698 138 3703 ’
172 3697 204 3763 II
223 3719 254 3782 p.
274 3698 349 3781 272)
372 3696 506 3780 respicit
530 3696 573 3762 ad
594 3695 758 3761 doctrinas
774 3695 929 3780 quasdam
949 3695 1167 3777 1111010011111,
1188 3701 1299 3763 tamen

172 3809 319 3874 notiones
340 3807 519 3874 Marcellini
547 3807 673 3874 divinae
701 3808 806 3873 minus
836 3808 982 3873 excultae
1003 3813 1078 3874 sunt
1097 3829 1194 3891 quam
1216 3829 1299 3892 quas

172 3941 212 3985 ex
234 3918 438 4004 philosophia
460 3918 594 3985 haustas
617 3940 687 3986 esse
702 3924 861 4004 putemus.
905 3919 1018 4003 Itaque
1041 3920 1206 4004 opiniones
1227 3920 1298 3986 vul·

172 4053 266 4116 gares
289 4037 418 4097 secutus
439 4052 503 4096 non
524 4028 679 4114 neglectis
700 4031 798 4097 variis
813 4031 1022 4115 religionibus
1047 4031 1108 4098 sibi
1129 4032 1199 4116 ipse
1221 4052 1298 4116 pro·

171 4143 363 4227 positionem
385 4142 438 4208 dei
459 4142 537 4209 fecit
557 4142 645 4208 haud
666 4143 714 4208 ita
736 4144 948 4227 perspicuam,
971 4143 1026 4209 sed
1049 4142 1182 4209 firmam.
