<?xml version="1.0" encoding="UTF-8"?>
<!DOCTYPE html PUBLIC "-//W3C//DTD XHTML 1.0 Transitional//EN"
    "http://www.w3.org/TR/xhtml1/DTD/xhtml1-transitional.dtd">
<html xmlns="http://www.w3.org/1999/xhtml" xml:lang="en" lang="en">
 <head>
  <title>
</title>
<meta http-equiv="Content-Type" content="text/html;charset=utf-8" />
  <meta name='ocr-system' content='tesseract 3.04.00' />
  <meta name='ocr-capabilities' content='ocr_page ocr_carea ocr_par ocr_line ocrx_word'/>
</head>
<body>
  <div class='ocr_page' id='page_1' title='image "./ammianusmarcell00wittgoog_0037.png"; bbox 0 0 2956 4950; ppageno 0'>
   <div class='ocr_carea' id='block_1_1' title="bbox 632 394 845 468">
    <p class='ocr_par' dir='ltr' id='par_1_1' title="bbox 632 394 845 468">
     <span class='ocr_line' id='line_1_1' title="bbox 632 394 845 468; baseline -0.009 -14"><span class='ocrx_word' id='word_1_1' title='bbox 632 394 845 468; x_wconf 50' lang='grc' dir='ltr'>...π’-ι</span> 
     </span>
    </p>
   </div>
   <div class='ocr_carea' id='block_1_2' title="bbox 137 572 1390 4256">
    <p class='ocr_par' dir='ltr' id='par_1_2' title="bbox 173 572 1390 1107">
     <span class='ocr_line' id='line_1_2' title="bbox 174 572 1390 668; baseline -0.001 -28"><span class='ocrx_word' id='word_1_2' title='bbox 174 572 252 640; x_wconf 89' lang='lat' dir='ltr'><strong>time</strong></span> <span class='ocrx_word' id='word_1_3' title='bbox 279 573 364 640; x_wconf 91' lang='lat' dir='ltr'><strong>inter</strong></span> <span class='ocrx_word' id='word_1_4' title='bbox 395 595 429 640; x_wconf 89' lang='lat' dir='ltr'><strong>se</strong></span> <span class='ocrx_word' id='word_1_5' title='bbox 459 576 663 657; x_wconf 85' lang='lat' dir='ltr'><strong>congruunt?</strong></span> <span class='ocrx_word' id='word_1_6' title='bbox 696 574 789 640; x_wconf 86' lang='lat' dir='ltr'>XXII</span> <span class='ocrx_word' id='word_1_7' title='bbox 815 580 844 639; x_wconf 88' lang='grc'><strong>4.</strong></span> <span class='ocrx_word' id='word_1_8' title='bbox 878 578 893 639; x_wconf 96' lang='lat' dir='ltr'><strong>l</strong></span> <span class='ocrx_word' id='word_1_9' title='bbox 927 580 1000 641; x_wconf 89' lang='lat' dir='ltr'><strong>‘uon</strong></span> <span class='ocrx_word' id='word_1_10' title='bbox 1028 579 1066 641; x_wconf 90' lang='lat' dir='ltr'><strong>ut</strong></span> <span class='ocrx_word' id='word_1_11' title='bbox 1090 574 1304 660; x_wconf 84' lang='lat' dir='ltr'><strong>philosophus</strong></span> <span class='ocrx_word' id='word_1_12' title='bbox 1387 662 1390 668; x_wconf 28' lang='grc' dir='ltr'>Ι</span> 
     </span>
     <span class='ocr_line' id='line_1_3' title="bbox 174 685 1304 771; baseline 0.001 -20"><span class='ocrx_word' id='word_1_13' title='bbox 174 687 313 751; x_wconf 81' lang='lat' dir='ltr'><strong>viritatis</strong></span> <span class='ocrx_word' id='word_1_14' title='bbox 335 685 539 769; x_wconf 78' lang='lat' dir='ltr'>indagandae</span> <span class='ocrx_word' id='word_1_15' title='bbox 561 685 744 770; x_wconf 64' lang='lat' dir='ltr'><strong>professor,</strong></span> <span class='ocrx_word' id='word_1_16' title='bbox 767 693 800 753; x_wconf 93' lang='lat' dir='ltr'><strong>et</strong></span> <span class='ocrx_word' id='word_1_17' title='bbox 821 687 912 751; x_wconf 89' lang='lat' dir='ltr'><strong>XXX</strong></span> <span class='ocrx_word' id='word_1_18' title='bbox 935 695 963 752; x_wconf 83' lang='lat'><strong>5.</strong></span> <span class='ocrx_word' id='word_1_19' title='bbox 986 693 1004 752; x_wconf 89' lang='grc'>9</span> <span class='ocrx_word' id='word_1_20' title='bbox 1028 691 1074 752; x_wconf 90' lang='lat' dir='ltr'><strong>‘ut</strong></span> <span class='ocrx_word' id='word_1_21' title='bbox 1091 686 1304 771; x_wconf 91' lang='lat' dir='ltr'><strong>philosophus</strong></span> 
     </span>
     <span class='ocr_line' id='line_1_4' title="bbox 173 797 1305 884; baseline -0.001 -20"><span class='ocrx_word' id='word_1_22' title='bbox 173 799 320 865; x_wconf 85' lang='lat' dir='ltr'><strong>veritatis</strong></span> <span class='ocrx_word' id='word_1_23' title='bbox 338 797 520 883; x_wconf 83' lang='lat' dir='ltr'><strong>professor&#39;.</strong></span> <span class='ocrx_word' id='word_1_24' title='bbox 565 799 643 879; x_wconf 82' lang='lat' dir='ltr'><strong>Quis</strong></span> <span class='ocrx_word' id='word_1_25' title='bbox 675 804 724 865; x_wconf 91' lang='lat' dir='ltr'><strong>est</strong></span> <span class='ocrx_word' id='word_1_26' title='bbox 753 799 809 884; x_wconf 92' lang='lat' dir='ltr'><strong>qui</strong></span> <span class='ocrx_word' id='word_1_27' title='bbox 836 800 887 864; x_wconf 93' lang='lat' dir='ltr'><strong>his</strong></span> <span class='ocrx_word' id='word_1_28' title='bbox 916 798 1022 865; x_wconf 86' lang='lat' dir='ltr'><strong>verbis</strong></span> <span class='ocrx_word' id='word_1_29' title='bbox 1049 799 1185 883; x_wconf 81' lang='lat' dir='ltr'><strong>cognitis</strong></span> <span class='ocrx_word' id='word_1_30' title='bbox 1207 804 1305 882; x_wconf 87' lang='lat' dir='ltr'><strong>neget</strong></span> 
     </span>
     <span class='ocr_line' id='line_1_5' title="bbox 174 910 1305 996; baseline -0.001 -19"><span class='ocrx_word' id='word_1_31' title='bbox 174 911 377 977; x_wconf 86' lang='lat' dir='ltr'><strong>Ammianum</strong></span> <span class='ocrx_word' id='word_1_32' title='bbox 407 932 545 977; x_wconf 92' lang='lat' dir='ltr'><strong>munus</strong></span> <span class='ocrx_word' id='word_1_33' title='bbox 575 910 916 996; x_wconf 88' lang='lat' dir='ltr'><strong>philosophorum</strong></span> <span class='ocrx_word' id='word_1_34' title='bbox 945 911 1043 976; x_wconf 87' lang='lat' dir='ltr'><strong>etiam</strong></span> <span class='ocrx_word' id='word_1_35' title='bbox 1071 911 1121 976; x_wconf 92' lang='lat' dir='ltr'><strong>sui</strong></span> <span class='ocrx_word' id='word_1_36' title='bbox 1148 912 1305 996; x_wconf 90' lang='lat' dir='ltr'><strong>temporis</strong></span> 
     </span>
     <span class='ocr_line' id='line_1_6' title="bbox 173 1024 719 1107; baseline 0.002 -20"><span class='ocrx_word' id='word_1_37' title='bbox 173 1024 385 1107; x_wconf 81' lang='lat' dir='ltr'><strong>permagni</strong></span> <span class='ocrx_word' id='word_1_38' title='bbox 408 1024 719 1096; x_wconf 74' lang='lat' dir='ltr'><strong>aestimavisse?</strong></span> 
     </span>
    </p>

    <p class='ocr_par' dir='ltr' id='par_1_3' title="bbox 172 1134 1304 1895">
     <span class='ocr_line' id='line_1_7' title="bbox 276 1134 1304 1220; baseline 0.001 -20"><span class='ocrx_word' id='word_1_39' title='bbox 276 1135 380 1201; x_wconf 92' lang='lat' dir='ltr'><strong>Locus</strong></span> <span class='ocrx_word' id='word_1_40' title='bbox 403 1156 532 1220; x_wconf 90' lang='lat' dir='ltr'><strong>quoque</strong></span> <span class='ocrx_word' id='word_1_41' title='bbox 553 1135 626 1202; x_wconf 90' lang='lat' dir='ltr'><strong>XIV</strong></span> <span class='ocrx_word' id='word_1_42' title='bbox 643 1142 671 1202; x_wconf 89' lang='lat'><strong>6.</strong></span> <span class='ocrx_word' id='word_1_43' title='bbox 692 1142 730 1202; x_wconf 84' lang='lat'><strong>18</strong></span> <span class='ocrx_word' id='word_1_44' title='bbox 753 1136 901 1202; x_wconf 89' lang='lat' dir='ltr'><strong>adhiberi</strong></span> <span class='ocrx_word' id='word_1_45' title='bbox 917 1140 1026 1220; x_wconf 87' lang='lat' dir='ltr'><strong>potest</strong></span> <span class='ocrx_word' id='word_1_46' title='bbox 1040 1134 1096 1201; x_wconf 92' lang='lat' dir='ltr'><strong>ubi</strong></span> <span class='ocrx_word' id='word_1_47' title='bbox 1117 1135 1304 1202; x_wconf 85' lang='lat' dir='ltr'><strong>Ammianus</strong></span> 
     </span>
     <span class='ocr_line' id='line_1_8' title="bbox 173 1247 1304 1334; baseline -0.001 -22"><span class='ocrx_word' id='word_1_48' title='bbox 173 1248 252 1313; x_wconf 83' lang='lat' dir='ltr'><strong>vitia</strong></span> <span class='ocrx_word' id='word_1_49' title='bbox 271 1248 489 1315; x_wconf 88' lang='lat' dir='ltr'><strong>Romanorum</strong></span> <span class='ocrx_word' id='word_1_50' title='bbox 505 1249 692 1334; x_wconf 84' lang='lat' dir='ltr'><strong>vituperans</strong></span> <span class='ocrx_word' id='word_1_51' title='bbox 721 1249 884 1333; x_wconf 88' lang='lat' dir='ltr'><strong>queritur,</strong></span> <span class='ocrx_word' id='word_1_52' title='bbox 913 1248 1000 1332; x_wconf 89' lang='lat' dir='ltr'><strong>quod</strong></span> <span class='ocrx_word' id='word_1_53' title='bbox 1022 1254 1090 1333; x_wconf 86' lang='lat' dir='ltr'><strong>‘pro</strong></span> <span class='ocrx_word' id='word_1_54' title='bbox 1110 1247 1304 1332; x_wconf 87' lang='lat' dir='ltr'><strong>philosopho</strong></span> 
     </span>
     <span class='ocr_line' id='line_1_9' title="bbox 175 1359 1304 1445; baseline 0 -21"><span class='ocrx_word' id='word_1_55' title='bbox 175 1365 288 1425; x_wconf 87' lang='lat' dir='ltr'><strong>cantor</strong></span> <span class='ocrx_word' id='word_1_56' title='bbox 311 1360 454 1426; x_wconf 87' lang='lat' dir='ltr'><strong>accitur&#39;.</strong></span> <span class='ocrx_word' id='word_1_57' title='bbox 498 1361 562 1426; x_wconf 90' lang='lat' dir='ltr'><strong>Sed</strong></span> <span class='ocrx_word' id='word_1_58' title='bbox 584 1383 655 1426; x_wconf 90' lang='lat' dir='ltr'><strong>cum</strong></span> <span class='ocrx_word' id='word_1_59' title='bbox 685 1360 719 1426; x_wconf 95' lang='lat' dir='ltr'><strong>id</strong></span> <span class='ocrx_word' id='word_1_60' title='bbox 748 1382 811 1427; x_wconf 92' lang='lat' dir='ltr'><strong>non</strong></span> <span class='ocrx_word' id='word_1_61' title='bbox 833 1362 897 1426; x_wconf 89' lang='lat' dir='ltr'><strong>iam</strong></span> <span class='ocrx_word' id='word_1_62' title='bbox 921 1366 1069 1445; x_wconf 89' lang='lat' dir='ltr'><strong>spectare</strong></span> <span class='ocrx_word' id='word_1_63' title='bbox 1090 1360 1238 1425; x_wconf 82' lang='lat' dir='ltr'><strong>videatur</strong></span> <span class='ocrx_word' id='word_1_64' title='bbox 1260 1359 1304 1424; x_wconf 90' lang='lat' dir='ltr'><strong>ad</strong></span> 
     </span>
     <span class='ocr_line' id='line_1_10' title="bbox 172 1470 1304 1557; baseline -0.001 -21"><span class='ocrx_word' id='word_1_65' title='bbox 172 1470 382 1557; x_wconf 88' lang='lat' dir='ltr'><strong>philosophos</strong></span> <span class='ocrx_word' id='word_1_66' title='bbox 411 1477 571 1556; x_wconf 87' lang='lat' dir='ltr'><strong>quatenus</strong></span> <span class='ocrx_word' id='word_1_67' title='bbox 607 1480 697 1539; x_wconf 90' lang='lat' dir='ltr'><strong>secta</strong></span> <span class='ocrx_word' id='word_1_68' title='bbox 732 1472 896 1557; x_wconf 88' lang='lat' dir='ltr'><strong>religionis</strong></span> <span class='ocrx_word' id='word_1_69' title='bbox 933 1478 1041 1553; x_wconf 87' lang='lat' dir='ltr'><strong>erant,</strong></span> <span class='ocrx_word' id='word_1_70' title='bbox 1079 1471 1136 1538; x_wconf 86' lang='lat' dir='ltr'><strong>sed</strong></span> <span class='ocrx_word' id='word_1_71' title='bbox 1163 1472 1304 1536; x_wconf 88' lang='lat' dir='ltr'><strong>fortasse</strong></span> 
     </span>
     <span class='ocr_line' id='line_1_11' title="bbox 174 1584 1303 1670; baseline 0 -22"><span class='ocrx_word' id='word_1_72' title='bbox 174 1584 275 1667; x_wconf 88' lang='lat' dir='ltr'><strong>magis</strong></span> <span class='ocrx_word' id='word_1_73' title='bbox 297 1585 340 1650; x_wconf 87' lang='lat' dir='ltr'><strong>ad</strong></span> <span class='ocrx_word' id='word_1_74' title='bbox 362 1586 466 1670; x_wconf 83' lang='lat' dir='ltr'><strong>ipsam</strong></span> <span class='ocrx_word' id='word_1_75' title='bbox 496 1585 734 1670; x_wconf 85' lang='lat' dir='ltr'><strong>philosophiam</strong></span> <span class='ocrx_word' id='word_1_76' title='bbox 757 1591 917 1669; x_wconf 88' lang='lat' dir='ltr'><strong>quatenus</strong></span> <span class='ocrx_word' id='word_1_77' title='bbox 940 1590 1018 1669; x_wconf 88' lang='lat' dir='ltr'><strong>apta</strong></span> <span class='ocrx_word' id='word_1_78' title='bbox 1041 1590 1091 1650; x_wconf 90' lang='lat' dir='ltr'><strong>est</strong></span> <span class='ocrx_word' id='word_1_79' title='bbox 1112 1584 1154 1649; x_wconf 88' lang='lat' dir='ltr'><strong>ad</strong></span> <span class='ocrx_word' id='word_1_80' title='bbox 1177 1584 1303 1649; x_wconf 88' lang='lat' dir='ltr'><strong>animos</strong></span> 
     </span>
     <span class='ocr_line' id='line_1_12' title="bbox 173 1696 1303 1780; baseline -0.001 -19"><span class='ocrx_word' id='word_1_81' title='bbox 173 1696 375 1777; x_wconf 88' lang='lat' dir='ltr'><strong>erudiendos,</strong></span> <span class='ocrx_word' id='word_1_82' title='bbox 391 1703 594 1763; x_wconf 86' lang='lat' dir='ltr'><strong>transeamus</strong></span> <span class='ocrx_word' id='word_1_83' title='bbox 608 1719 693 1763; x_wconf 91' lang='lat' dir='ltr'><strong>nunc</strong></span> <span class='ocrx_word' id='word_1_84' title='bbox 709 1697 750 1762; x_wconf 89' lang='lat' dir='ltr'><strong>ad</strong></span> <span class='ocrx_word' id='word_1_85' title='bbox 767 1699 988 1780; x_wconf 89' lang='lat' dir='ltr'><strong>quaestionem</strong></span> <span class='ocrx_word' id='word_1_86' title='bbox 1006 1697 1142 1763; x_wconf 89' lang='lat' dir='ltr'><strong>alteram</strong></span> <span class='ocrx_word' id='word_1_87' title='bbox 1158 1701 1303 1761; x_wconf 89' lang='lat' dir='ltr'><strong>tractan-</strong></span> 
     </span>
     <span class='ocr_line' id='line_1_13' title="bbox 175 1808 1195 1895; baseline -0.001 -22"><span class='ocrx_word' id='word_1_88' title='bbox 175 1808 258 1874; x_wconf 92' lang='lat' dir='ltr'><strong>dam.</strong></span> <span class='ocrx_word' id='word_1_89' title='bbox 304 1808 389 1889; x_wconf 83' lang='lat' dir='ltr'><strong>Quid</strong></span> <span class='ocrx_word' id='word_1_90' title='bbox 410 1810 510 1894; x_wconf 85' lang='lat' dir='ltr'><strong>igitur</strong></span> <span class='ocrx_word' id='word_1_91' title='bbox 531 1809 609 1875; x_wconf 91' lang='lat' dir='ltr'><strong>dicit</strong></span> <span class='ocrx_word' id='word_1_92' title='bbox 632 1810 817 1875; x_wconf 90' lang='lat' dir='ltr'><strong>Ammianus</strong></span> <span class='ocrx_word' id='word_1_93' title='bbox 841 1810 887 1876; x_wconf 92' lang='lat' dir='ltr'><strong>de</strong></span> <span class='ocrx_word' id='word_1_94' title='bbox 908 1809 1195 1895; x_wconf 81' lang='lat' dir='ltr'><strong>philosophia?</strong></span> 
     </span>
    </p>

    <p class='ocr_par' dir='ltr' id='par_1_4' title="bbox 172 1919 1311 3576">
     <span class='ocr_line' id='line_1_14' title="bbox 276 1919 1304 2006; baseline -0.003 -19"><span class='ocrx_word' id='word_1_95' title='bbox 276 1921 523 1987; x_wconf 86' lang='lat' dir='ltr'><strong>Proficiscamur</strong></span> <span class='ocrx_word' id='word_1_96' title='bbox 551 1920 593 1987; x_wconf 91' lang='lat' dir='ltr'><strong>ab</strong></span> <span class='ocrx_word' id='word_1_97' title='bbox 622 1942 732 1988; x_wconf 90' lang='lat' dir='ltr'><strong>amore</strong></span> <span class='ocrx_word' id='word_1_98' title='bbox 762 1943 825 2006; x_wconf 91' lang='lat' dir='ltr'><strong>quo</strong></span> <span class='ocrx_word' id='word_1_99' title='bbox 848 1921 1054 1988; x_wconf 79' lang='lat' dir='ltr'><strong>Marcellinus</strong></span> <span class='ocrx_word' id='word_1_100' title='bbox 1075 1922 1202 1986; x_wconf 85' lang='lat' dir='ltr'><strong>litteras</strong></span> <span class='ocrx_word' id='word_1_101' title='bbox 1225 1919 1304 1985; x_wconf 90' lang='lat' dir='ltr'><strong>colit</strong></span> 
     </span>
     <span class='ocr_line' id='line_1_15' title="bbox 174 2032 1299 2119; baseline 0 -22"><span class='ocrx_word' id='word_1_102' title='bbox 174 2032 299 2117; x_wconf 90' lang='lat' dir='ltr'><strong>colique</strong></span> <span class='ocrx_word' id='word_1_103' title='bbox 318 2034 395 2100; x_wconf 87' lang='lat' dir='ltr'><strong>rult.</strong></span> <span class='ocrx_word' id='word_1_104' title='bbox 439 2033 525 2099; x_wconf 86' lang='lat' dir='ltr'><strong>Loco</strong></span> <span class='ocrx_word' id='word_1_105' title='bbox 548 2055 596 2113; x_wconf 85' lang='lat' dir='ltr'><strong>eo,</strong></span> <span class='ocrx_word' id='word_1_106' title='bbox 619 2055 714 2117; x_wconf 87' lang='lat' dir='ltr'><strong>quem</strong></span> <span class='ocrx_word' id='word_1_107' title='bbox 736 2033 831 2100; x_wconf 91' lang='lat' dir='ltr'><strong>modo</strong></span> <span class='ocrx_word' id='word_1_108' title='bbox 855 2035 1029 2119; x_wconf 87' lang='lat' dir='ltr'><strong>attigimus,</strong></span> <span class='ocrx_word' id='word_1_109' title='bbox 1048 2034 1212 2118; x_wconf 75' lang='lat' dir='ltr'><strong>vituperat</strong></span> <span class='ocrx_word' id='word_1_110' title='bbox 1235 2032 1299 2098; x_wconf 88' lang='lat' dir='ltr'><strong>Ro-</strong></span> 
     </span>
     <span class='ocr_line' id='line_1_16' title="bbox 172 2145 1302 2230; baseline 0 -20"><span class='ocrx_word' id='word_1_111' title='bbox 172 2166 285 2211; x_wconf 89' lang='lat' dir='ltr'><strong>manos</strong></span> <span class='ocrx_word' id='word_1_112' title='bbox 298 2146 485 2230; x_wconf 83' lang='lat' dir='ltr'><strong>gravissime</strong></span> <span class='ocrx_word' id='word_1_113' title='bbox 507 2146 594 2230; x_wconf 91' lang='lat' dir='ltr'><strong>quod</strong></span> <span class='ocrx_word' id='word_1_114' title='bbox 616 2146 743 2212; x_wconf 87' lang='lat' dir='ltr'><strong>litteras</strong></span> <span class='ocrx_word' id='word_1_115' title='bbox 764 2166 873 2212; x_wconf 88' lang='lat' dir='ltr'><strong>omnes</strong></span> <span class='ocrx_word' id='word_1_116' title='bbox 888 2146 1103 2230; x_wconf 86' lang='lat' dir='ltr'><strong>neglexerint:</strong></span> <span class='ocrx_word' id='word_1_117' title='bbox 1125 2145 1200 2210; x_wconf 89' lang='lat' dir='ltr'><strong>XIV</strong></span> <span class='ocrx_word' id='word_1_118' title='bbox 1217 2151 1245 2210; x_wconf 87' lang='grc'><strong>6.</strong></span> <span class='ocrx_word' id='word_1_119' title='bbox 1264 2151 1302 2210; x_wconf 83' lang='grc'><strong>15</strong></span> 
     </span>
     <span class='ocr_line' id='line_1_17' title="bbox 174 2257 1311 2348; baseline -0.002 -26"><span class='ocrx_word' id='word_1_120' title='bbox 174 2258 329 2324; x_wconf 90' lang='lat' dir='ltr'><strong>‘homines</strong></span> <span class='ocrx_word' id='word_1_121' title='bbox 351 2259 434 2325; x_wconf 91' lang='lat' dir='ltr'><strong>enim</strong></span> <span class='ocrx_word' id='word_1_122' title='bbox 458 2259 645 2325; x_wconf 89' lang='lat' dir='ltr'><strong>eruditos</strong></span> <span class='ocrx_word' id='word_1_123' title='bbox 668 2265 708 2324; x_wconf 91' lang='lat' dir='ltr'><strong>et</strong></span> <span class='ocrx_word' id='word_1_124' title='bbox 729 2257 894 2325; x_wconf 89' lang='lat' dir='ltr'><strong>sobrios</strong></span> <span class='ocrx_word' id='word_1_125' title='bbox 915 2265 952 2326; x_wconf 92' lang='grc' dir='ltr'><strong>ιιι</strong></span> <span class='ocrx_word' id='word_1_126' title='bbox 973 2257 1132 2348; x_wconf 84' lang='lat' dir='ltr'><strong>infaustos</strong></span> <span class='ocrx_word' id='word_1_127' title='bbox 1155 2262 1188 2323; x_wconf 91' lang='lat' dir='ltr'><strong>et</strong></span> <span class='ocrx_word' id='word_1_128' title='bbox 1203 2257 1311 2324; x_wconf 84' lang='lat' dir='ltr'><strong>inuti--</strong></span> 
     </span>
     <span class='ocr_line' id='line_1_18' title="bbox 172 2369 1303 2457; baseline -0.002 -23"><span class='ocrx_word' id='word_1_129' title='bbox 172 2369 227 2438; x_wconf 85' lang='lat' dir='ltr'><strong>les,</strong></span> <span class='ocrx_word' id='word_1_130' title='bbox 246 2371 400 2436; x_wconf 84' lang='lat' dir='ltr'><strong>vitant’.</strong></span> <span class='ocrx_word' id='word_1_131' title='bbox 450 2373 469 2457; x_wconf 61' lang='grc' dir='ltr'><strong>ἓ</strong></span> <span class='ocrx_word' id='word_1_132' title='bbox 495 2375 534 2437; x_wconf 83' lang='grc'><strong>18</strong></span> <span class='ocrx_word' id='word_1_133' title='bbox 563 2377 622 2436; x_wconf 83' lang='lat'><strong>‘...</strong></span> <span class='ocrx_word' id='word_1_134' title='bbox 653 2392 778 2455; x_wconf 89' lang='lat' dir='ltr'><strong>paucae</strong></span> <span class='ocrx_word' id='word_1_135' title='bbox 806 2371 920 2438; x_wconf 90' lang='lat' dir='ltr'><strong>domus</strong></span> <span class='ocrx_word' id='word_1_136' title='bbox 951 2370 1178 2437; x_wconf 87' lang='lat' dir='ltr'><strong>studiorum</strong></span> <span class='ocrx_word' id='word_1_137' title='bbox 1209 2369 1303 2433; x_wconf 88' lang='lat' dir='ltr'><strong>seriis</strong></span> 
     </span>
     <span class='ocr_line' id='line_1_19' title="bbox 173 2481 1309 2567; baseline -0.001 -21"><span class='ocrx_word' id='word_1_138' title='bbox 173 2481 357 2549; x_wconf 89' lang='lat' dir='ltr'><strong>cultibus</strong></span> <span class='ocrx_word' id='word_1_139' title='bbox 380 2488 477 2548; x_wconf 86' lang='lat' dir='ltr'><strong>antea</strong></span> <span class='ocrx_word' id='word_1_140' title='bbox 499 2482 683 2550; x_wconf 84' lang='lat' dir='ltr'><strong>celebratae</strong></span> <span class='ocrx_word' id='word_1_141' title='bbox 697 2504 782 2549; x_wconf 93' lang='lat' dir='ltr'><strong>nunc</strong></span> <span class='ocrx_word' id='word_1_142' title='bbox 797 2482 947 2549; x_wconf 88' lang='lat' dir='ltr'><strong>ludibriis</strong></span> <span class='ocrx_word' id='word_1_143' title='bbox 969 2482 1117 2567; x_wconf 81' lang='lat' dir='ltr'><strong>ignaviae</strong></span> <span class='ocrx_word' id='word_1_144' title='bbox 1142 2481 1309 2565; x_wconf 88' lang='lat' dir='ltr'><strong>torpentis-</strong></span> 
     </span>
     <span class='ocr_line' id='line_1_20' title="bbox 173 2593 1302 2682; baseline -0.001 -23"><span class='ocrx_word' id='word_1_145' title='bbox 173 2594 339 2660; x_wconf 86' lang='lat' dir='ltr'><strong>exundant</strong></span> <span class='ocrx_word' id='word_1_146' title='bbox 432 2593 571 2678; x_wconf 87' lang='lat' dir='ltr'><strong>denique</strong></span> <span class='ocrx_word' id='word_1_147' title='bbox 592 2616 665 2680; x_wconf 90' lang='lat' dir='ltr'><strong>pro</strong></span> <span class='ocrx_word' id='word_1_148' title='bbox 688 2595 934 2682; x_wconf 88' lang='lat' dir='ltr'><strong>philosopho</strong></span> <span class='ocrx_word' id='word_1_149' title='bbox 960 2599 1073 2666; x_wconf 87' lang='lat' dir='ltr'><strong>cautor</strong></span> <span class='ocrx_word' id='word_1_150' title='bbox 1091 2599 1125 2660; x_wconf 92' lang='lat' dir='ltr'><strong>et</strong></span> <span class='ocrx_word' id='word_1_151' title='bbox 1145 2593 1302 2663; x_wconf 90' lang='lat' dir='ltr'><strong>inlocum</strong></span> 
     </span>
     <span class='ocr_line' id='line_1_21' title="bbox 173 2704 1304 2792; baseline -0.002 -21"><span class='ocrx_word' id='word_1_152' title='bbox 173 2707 356 2772; x_wconf 88' lang='lat' dir='ltr'><strong>oratoris</strong></span> <span class='ocrx_word' id='word_1_153' title='bbox 380 2706 494 2772; x_wconf 90' lang='lat' dir='ltr'><strong>doctor</strong></span> <span class='ocrx_word' id='word_1_154' title='bbox 509 2707 627 2773; x_wconf 88' lang='lat' dir='ltr'><strong>artium</strong></span> <span class='ocrx_word' id='word_1_155' title='bbox 645 2706 827 2774; x_wconf 88' lang='lat' dir='ltr'><strong>Indicarum</strong></span> <span class='ocrx_word' id='word_1_156' title='bbox 842 2709 967 2775; x_wconf 88' lang='lat' dir='ltr'><strong>accitur</strong></span> <span class='ocrx_word' id='word_1_157' title='bbox 989 2712 1021 2772; x_wconf 89' lang='lat' dir='ltr'><strong>et</strong></span> <span class='ocrx_word' id='word_1_158' title='bbox 1041 2704 1304 2792; x_wconf 81' lang='lat' dir='ltr'><strong>bybliothecis</strong></span> 
     </span>
     <span class='ocr_line' id='line_1_22' title="bbox 172 2817 1305 2905; baseline -0.001 -22"><span class='ocrx_word' id='word_1_159' title='bbox 172 2818 396 2903; x_wconf 90' lang='lat' dir='ltr'><strong>sepulcrorum</strong></span> <span class='ocrx_word' id='word_1_160' title='bbox 425 2820 491 2885; x_wconf 89' lang='lat' dir='ltr'><strong>ritu</strong></span> <span class='ocrx_word' id='word_1_161' title='bbox 519 2819 552 2884; x_wconf 93' lang='lat' dir='ltr'><strong>in</strong></span> <span class='ocrx_word' id='word_1_162' title='bbox 581 2825 773 2905; x_wconf 89' lang='lat' dir='ltr'><strong>perpetuum</strong></span> <span class='ocrx_word' id='word_1_163' title='bbox 804 2819 922 2886; x_wconf 86' lang='lat' dir='ltr'><strong>clausis</strong></span> <span class='ocrx_word' id='word_1_164' title='bbox 950 2839 1073 2904; x_wconf 88' lang='lat' dir='ltr'><strong>organa</strong></span> <span class='ocrx_word' id='word_1_165' title='bbox 1101 2817 1305 2885; x_wconf 86' lang='lat' dir='ltr'><strong>fabricantur</strong></span> 
     </span>
     <span class='ocr_line' id='line_1_23' title="bbox 173 2930 1304 3019; baseline -0.002 -23"><span class='ocrx_word' id='word_1_166' title='bbox 173 2930 364 3016; x_wconf 86' lang='lat' dir='ltr'><strong>hydraulica</strong></span> <span class='ocrx_word' id='word_1_167' title='bbox 386 2932 452 2998; x_wconf 89' lang='lat'><strong>...’.</strong></span> <span class='ocrx_word' id='word_1_168' title='bbox 497 2935 514 3019; x_wconf 66' lang='grc' dir='ltr'>ξ</span> <span class='ocrx_word' id='word_1_169' title='bbox 540 2938 577 2998; x_wconf 88' lang='grc'><strong>19</strong></span> <span class='ocrx_word' id='word_1_170' title='bbox 602 2937 774 3017; x_wconf 90' lang='lat' dir='ltr'><strong>‘postremo</strong></span> <span class='ocrx_word' id='word_1_171' title='bbox 805 2932 847 2998; x_wconf 91' lang='lat' dir='ltr'><strong>ad</strong></span> <span class='ocrx_word' id='word_1_172' title='bbox 879 2933 912 2999; x_wconf 94' lang='lat' dir='ltr'><strong>id</strong></span> <span class='ocrx_word' id='word_1_173' title='bbox 933 2931 1134 3016; x_wconf 81' lang='lat' dir='ltr'><strong>indignitatis</strong></span> <span class='ocrx_word' id='word_1_174' title='bbox 1156 2936 1205 2996; x_wconf 90' lang='lat' dir='ltr'><strong>est</strong></span> <span class='ocrx_word' id='word_1_175' title='bbox 1226 2951 1304 2995; x_wconf 87' lang='lat' dir='ltr'><strong>ven·</strong></span> 
     </span>
     <span class='ocr_line' id='line_1_24' title="bbox 172 3042 1303 3129; baseline -0.002 -21"><span class='ocrx_word' id='word_1_176' title='bbox 172 3048 251 3123; x_wconf 86' lang='lat' dir='ltr'><strong>tum,</strong></span> <span class='ocrx_word' id='word_1_177' title='bbox 272 3049 309 3109; x_wconf 93' lang='lat' dir='ltr'><strong>ut</strong></span> <span class='ocrx_word' id='word_1_178' title='bbox 331 3065 403 3110; x_wconf 91' lang='lat' dir='ltr'><strong>cum</strong></span> <span class='ocrx_word' id='word_1_179' title='bbox 428 3045 591 3129; x_wconf 86' lang='lat' dir='ltr'><strong>peregrini</strong></span> <span class='ocrx_word' id='word_1_180' title='bbox 621 3045 663 3111; x_wconf 94' lang='lat' dir='ltr'><strong>ob</strong></span> <span class='ocrx_word' id='word_1_181' title='bbox 691 3043 898 3110; x_wconf 83' lang='lat' dir='ltr'><strong>formidatam</strong></span> <span class='ocrx_word' id='word_1_182' title='bbox 920 3044 1007 3110; x_wconf 91' lang='lat' dir='ltr'><strong>baud</strong></span> <span class='ocrx_word' id='word_1_183' title='bbox 1028 3045 1077 3109; x_wconf 89' lang='lat' dir='ltr'><strong>ita</strong></span> <span class='ocrx_word' id='word_1_184' title='bbox 1102 3043 1220 3109; x_wconf 93' lang='lat' dir='ltr'><strong>dudum</strong></span> <span class='ocrx_word' id='word_1_185' title='bbox 1244 3042 1303 3106; x_wconf 90' lang='lat' dir='ltr'><strong>ali-</strong></span> 
     </span>
     <span class='ocr_line' id='line_1_25' title="bbox 172 3156 1304 3241; baseline -0.002 -21"><span class='ocrx_word' id='word_1_186' title='bbox 172 3161 353 3221; x_wconf 89' lang='lat' dir='ltr'><strong>mentorum</strong></span> <span class='ocrx_word' id='word_1_187' title='bbox 376 3157 516 3241; x_wconf 90' lang='lat' dir='ltr'><strong>inopiam</strong></span> <span class='ocrx_word' id='word_1_188' title='bbox 540 3156 737 3240; x_wconf 80' lang='lat' dir='ltr'><strong>pellerentur</strong></span> <span class='ocrx_word' id='word_1_189' title='bbox 767 3156 809 3222; x_wconf 90' lang='lat' dir='ltr'><strong>ab</strong></span> <span class='ocrx_word' id='word_1_190' title='bbox 837 3156 918 3223; x_wconf 87' lang='lat' dir='ltr'><strong>urbe</strong></span> <span class='ocrx_word' id='word_1_191' title='bbox 938 3156 1143 3240; x_wconf 86' lang='lat' dir='ltr'><strong>praecipites,</strong></span> <span class='ocrx_word' id='word_1_192' title='bbox 1166 3158 1304 3219; x_wconf 87' lang='lat' dir='ltr'><strong>secta·</strong></span> 
     </span>
     <span class='ocr_line' id='line_1_26' title="bbox 173 3266 1303 3354; baseline -0.004 -21"><span class='ocrx_word' id='word_1_193' title='bbox 173 3267 336 3333; x_wconf 88' lang='lat' dir='ltr'><strong>toribus</strong></span> <span class='ocrx_word' id='word_1_194' title='bbox 361 3268 676 3354; x_wconf 90' lang='lat' dir='ltr'><strong>disciplinarum</strong></span> <span class='ocrx_word' id='word_1_195' title='bbox 707 3266 946 3335; x_wconf 87' lang='lat' dir='ltr'><strong>liberalium</strong></span> <span class='ocrx_word' id='word_1_196' title='bbox 1053 3267 1192 3333; x_wconf 84' lang='lat' dir='ltr'><strong>extrusis</strong></span> <span class='ocrx_word' id='word_1_197' title='bbox 1213 3272 1303 3330; x_wconf 90' lang='lat' dir='ltr'><strong>tene-</strong></span> 
     </span>
     <span class='ocr_line' id='line_1_27' title="bbox 173 3378 1304 3466; baseline -0.002 -22"><span class='ocrx_word' id='word_1_198' title='bbox 173 3384 285 3445; x_wconf 86' lang='lat' dir='ltr'><strong>rentur</strong></span> <span class='ocrx_word' id='word_1_199' title='bbox 306 3381 477 3445; x_wconf 90' lang='lat' dir='ltr'><strong>mimarum</strong></span> <span class='ocrx_word' id='word_1_200' title='bbox 490 3381 514 3466; x_wconf 86' lang='lat'><strong>¹)</strong></span> <span class='ocrx_word' id='word_1_201' title='bbox 548 3381 697 3447; x_wconf 85' lang='lat' dir='ltr'><strong>adseclae</strong></span> <span class='ocrx_word' id='word_1_202' title='bbox 727 3382 796 3446; x_wconf 86' lang='lat' dir='ltr'><strong>veri</strong></span> <span class='ocrx_word' id='word_1_203' title='bbox 827 3381 947 3464; x_wconf 88' lang='lat' dir='ltr'><strong>quique</strong></span> <span class='ocrx_word' id='word_1_204' title='bbox 974 3380 1008 3445; x_wconf 95' lang='lat' dir='ltr'><strong>id</strong></span> <span class='ocrx_word' id='word_1_205' title='bbox 1039 3380 1231 3446; x_wconf 87' lang='lat' dir='ltr'><strong>simularunt</strong></span> <span class='ocrx_word' id='word_1_206' title='bbox 1256 3378 1304 3442; x_wconf 90' lang='lat' dir='ltr'><strong>ad</strong></span> 
     </span>
     <span class='ocr_line' id='line_1_28' title="bbox 172 3482 1003 3576; baseline 0.004 -20"><span class='ocrx_word' id='word_1_207' title='bbox 172 3497 299 3576; x_wconf 87' lang='lat' dir='ltr'><strong>tempus</strong></span> <span class='ocrx_word' id='word_1_208' title='bbox 323 3498 356 3557; x_wconf 91' lang='lat' dir='ltr'><strong>et</strong></span> <span class='ocrx_word' id='word_1_209' title='bbox 378 3498 462 3558; x_wconf 88' lang='lat'>3000</span> <span class='ocrx_word' id='word_1_210' title='bbox 484 3493 685 3559; x_wconf 87' lang='lat' dir='ltr'><strong>saltatricum</strong></span> <span class='ocrx_word' id='word_1_211' title='bbox 779 3482 1003 3563; x_wconf 73' lang='lat' dir='ltr'><strong>remanerent.</strong></span> 
     </span>
    </p>

    <p class='ocr_par' dir='ltr' id='par_1_5' title="bbox 137 3587 1354 4256">
     <span class='ocr_line' id='line_1_29' title="bbox 137 3587 1305 3688; baseline 0 -21"><span class='ocrx_word' id='word_1_212' title='bbox 137 3587 138 3592; x_wconf 8' lang='grc' dir='ltr'>ἵ</span> <span class='ocrx_word' id='word_1_213' title='bbox 277 3604 428 3670; x_wconf 86' lang='lat' dir='ltr'><strong>Fortasse</strong></span> <span class='ocrx_word' id='word_1_214' title='bbox 445 3605 630 3674; x_wconf 84' lang='lat' dir='ltr'><strong>Ammianus</strong></span> <span class='ocrx_word' id='word_1_215' title='bbox 652 3625 689 3670; x_wconf 90' lang='lat' dir='ltr'><strong>eo</strong></span> <span class='ocrx_word' id='word_1_216' title='bbox 706 3605 808 3688; x_wconf 88' lang='lat' dir='ltr'><strong>magis</strong></span> <span class='ocrx_word' id='word_1_217' title='bbox 830 3605 934 3671; x_wconf 87' lang='lat' dir='ltr'><strong>iratus</strong></span> <span class='ocrx_word' id='word_1_218' title='bbox 950 3610 1008 3684; x_wconf 79' lang='lat' dir='ltr'><strong>est,</strong></span> <span class='ocrx_word' id='word_1_219' title='bbox 1032 3604 1118 3688; x_wconf 93' lang='lat' dir='ltr'><strong>quod</strong></span> <span class='ocrx_word' id='word_1_220' title='bbox 1140 3604 1209 3688; x_wconf 90' lang='lat' dir='ltr'><strong>ipse</strong></span> <span class='ocrx_word' id='word_1_221' title='bbox 1227 3601 1305 3667; x_wconf 92' lang='lat' dir='ltr'><strong>tulit</strong></span> 
     </span>
     <span class='ocr_line' id='line_1_30' title="bbox 173 3714 1304 3803; baseline -0.003 -23"><span class='ocrx_word' id='word_1_222' title='bbox 173 3716 337 3782; x_wconf 89' lang='lat' dir='ltr'><strong>molestias</strong></span> <span class='ocrx_word' id='word_1_223' title='bbox 375 3717 530 3782; x_wconf 87' lang='lat' dir='ltr'><strong>eiusmodi</strong></span> <span class='ocrx_word' id='word_1_224' title='bbox 565 3716 835 3802; x_wconf 86' lang='lat' dir='ltr'><strong>(Burckhardtius</strong></span> <span class='ocrx_word' id='word_1_225' title='bbox 868 3739 898 3803; x_wconf 91' lang='lat' dir='ltr'><strong>p.</strong></span> <span class='ocrx_word' id='word_1_226' title='bbox 921 3719 1007 3802; x_wconf 87' lang='grc'>490).</span> <span class='ocrx_word' id='word_1_227' title='bbox 1057 3716 1153 3782; x_wconf 81' lang='lat' dir='ltr'><strong>Certe</strong></span> <span class='ocrx_word' id='word_1_228' title='bbox 1183 3735 1218 3778; x_wconf 90' lang='lat' dir='ltr'><strong>se</strong></span> <span class='ocrx_word' id='word_1_229' title='bbox 1246 3714 1304 3778; x_wconf 92' lang='lat' dir='ltr'><strong>ad·</strong></span> 
     </span>
     <span class='ocr_line' id='line_1_31' title="bbox 173 3826 1304 3907; baseline -0.002 -15"><span class='ocrx_word' id='word_1_230' title='bbox 173 3834 322 3895; x_wconf 90' lang='lat' dir='ltr'><strong>numerat</strong></span> <span class='ocrx_word' id='word_1_231' title='bbox 339 3828 403 3894; x_wconf 89' lang='lat' dir='ltr'><strong>illis</strong></span> <span class='ocrx_word' id='word_1_232' title='bbox 425 3829 617 3895; x_wconf 77' lang='lat' dir='ltr'><strong>‘hominibus</strong></span> <span class='ocrx_word' id='word_1_233' title='bbox 640 3828 774 3894; x_wconf 87' lang='lat' dir='ltr'><strong>eruditis</strong></span> <span class='ocrx_word' id='word_1_234' title='bbox 804 3834 837 3894; x_wconf 92' lang='lat' dir='ltr'><strong>et</strong></span> <span class='ocrx_word' id='word_1_235' title='bbox 859 3828 994 3907; x_wconf 87' lang='lat' dir='ltr'><strong>sobriis&#39;‚</strong></span> <span class='ocrx_word' id='word_1_236' title='bbox 1025 3826 1212 3893; x_wconf 88' lang='lat' dir='ltr'><strong>‘cultoribus</strong></span> <span class='ocrx_word' id='word_1_237' title='bbox 1236 3832 1304 3901; x_wconf 90' lang='lat' dir='ltr'><strong>stu-</strong></span> 
     </span>
     <span class='ocr_line' id='line_1_32' title="bbox 174 3939 1303 4025; baseline -0.001 -21"><span class='ocrx_word' id='word_1_238' title='bbox 174 3939 318 4021; x_wconf 87' lang='lat' dir='ltr'><strong>diorum’,</strong></span> <span class='ocrx_word' id='word_1_239' title='bbox 349 3941 573 4008; x_wconf 87' lang='lat' dir='ltr'><strong>‘sectatoribus</strong></span> <span class='ocrx_word' id='word_1_240' title='bbox 603 3941 853 4025; x_wconf 88' lang='lat' dir='ltr'><strong>disciplinarum</strong></span> <span class='ocrx_word' id='word_1_241' title='bbox 875 3940 1077 4019; x_wconf 81' lang='lat' dir='ltr'><strong>liberalium’,</strong></span> <span class='ocrx_word' id='word_1_242' title='bbox 1117 3947 1204 4005; x_wconf 81' lang='lat' dir='ltr'><strong>certe</strong></span> <span class='ocrx_word' id='word_1_243' title='bbox 1227 3939 1303 4023; x_wconf 80' lang='lat' dir='ltr'><strong>ipse</strong></span> 
     </span>
     <span class='ocr_line' id='line_1_33' title="bbox 173 4050 1304 4138; baseline -0.003 -21"><span class='ocrx_word' id='word_1_244' title='bbox 173 4052 282 4117; x_wconf 85' lang='lat' dir='ltr'><strong>favere</strong></span> <span class='ocrx_word' id='word_1_245' title='bbox 309 4050 518 4138; x_wconf 90' lang='lat' dir='ltr'><strong>‘pbilosophis</strong></span> <span class='ocrx_word' id='word_1_246' title='bbox 553 4059 585 4117; x_wconf 87' lang='lat' dir='ltr'><strong>et</strong></span> <span class='ocrx_word' id='word_1_247' title='bbox 613 4053 807 4119; x_wconf 88' lang='lat' dir='ltr'><strong>oratoribus&#39;</strong></span> <span class='ocrx_word' id='word_1_248' title='bbox 842 4058 940 4136; x_wconf 89' lang='lat' dir='ltr'><strong>atque</strong></span> <span class='ocrx_word' id='word_1_249' title='bbox 974 4074 1085 4117; x_wconf 89' lang='lat' dir='ltr'><strong>amans</strong></span> <span class='ocrx_word' id='word_1_250' title='bbox 1115 4050 1304 4136; x_wconf 74' lang='lat' dir='ltr'><strong>‘bybliotbe</strong></span> 
     </span>
     <span class='ocr_line' id='line_1_34' title="bbox 174 4165 571 4256; baseline 0.003 -27"><span class='ocrx_word' id='word_1_251' title='bbox 174 4165 294 4230; x_wconf 88' lang='lat' dir='ltr'><strong>carum’</strong></span> <span class='ocrx_word' id='word_1_252' title='bbox 318 4165 420 4230; x_wconf 85' lang='lat' dir='ltr'><strong>videri</strong></span> <span class='ocrx_word' id='word_1_253' title='bbox 441 4165 516 4231; x_wconf 84' lang='lat' dir='ltr'><strong>rnlt.</strong></span> <span class='ocrx_word' id='word_1_254' title='bbox 568 4241 571 4256; x_wconf 70' lang='lat'><strong>..</strong></span> 
     </span>
    </p>
   </div>
   <div class='ocr_carea' id='block_1_3' title="bbox 278 4264 1047 4373">
    <p class='ocr_par' dir='ltr' id='par_1_6' title="bbox 278 4264 1047 4373">
     <span class='ocr_line' id='line_1_35' title="bbox 278 4264 1047 4373; baseline 0 -16"><span class='ocrx_word' id='word_1_255' title='bbox 278 4305 304 4373; x_wconf 83' lang='lat'><strong>1)</strong></span> <span class='ocrx_word' id='word_1_256' title='bbox 322 4302 377 4357; x_wconf 78' lang='lat' dir='ltr'><strong>ver</strong></span> <span class='ocrx_word' id='word_1_257' title='bbox 395 4302 592 4370; x_wconf 55' lang='lat' dir='ltr'><strong>‘numerumn</strong></span> <span class='ocrx_word' id='word_1_258' title='bbox 611 4264 726 4357; x_wconf 75' lang='lat' dir='ltr'><strong>carru.</strong></span> <span class='ocrx_word' id='word_1_259' title='bbox 812 4327 835 4357; x_wconf 75' lang='grc'><strong>,.·</strong></span> <span class='ocrx_word' id='word_1_260' title='bbox 919 4350 925 4358; x_wconf 81' lang='grc'><strong>,</strong></span> <span class='ocrx_word' id='word_1_261' title='bbox 1044 4342 1047 4357; x_wconf 84' lang='lat'><em>.</em></span> 
     </span>
    </p>
   </div>
   <div class='ocr_carea' id='block_1_4' title="bbox 0 0 1482 4950">
    <p class='ocr_par' dir='ltr' id='par_1_7' title="bbox 0 0 1482 4950">
     <span class='ocr_line' id='line_1_36' title="bbox 0 0 1482 4950; baseline 0 0"><span class='ocrx_word' id='word_1_262' title='bbox 0 0 1482 4950; x_wconf 95' lang='lat' dir='ltr'><strong> </strong></span> 
     </span>
    </p>
   </div>
  </div>
 </body>
</html>
