2956 4950
700 412 914 491 ,14ηό

246 592 363 664 docere
383 579 486 663 vetuit
512 596 685 680 magistros
714 597 892 663 rhetoricos
919 602 953 662 et
973 579 1200 681 grammaticos
1223 585 1368 663 christia·

200 789 203 796 ,
244 729 313 791 nos,
335 710 368 775 ni
390 711 584 784 transissent
604 709 647 775 ad
668 709 834 775 numinum
856 709 995 775 cultum’.
1380 717 1381 720 ’

347 821 606 908 Complectamur
626 821 727 906 igitur
744 819 895 902 breviter,
918 841 1001 906 quae
1022 825 1187 906 comperta
1200 820 1370 886 habemus:

348 934 590 1001 Commemorat·
605 933 797 1019 saepimime-
813 934 1001 1000 Ammianus
1024 937 1057 998 et
1076 932 1262 1017 religionem
1286 933 1370 999 chri-

244 1048 383 1113 stianam
410 1051 444 1112 et
472 1046 690 1113 institutiones
718 1046 787 1112 eius
813 1046 983 1112 nonnullas
1005 1051 1041 1111 et
1060 1044 1210 1129 singulos·
1223 1045 1370 1111 christia·

243 1180 319 1242 nos3
352 1179 528 1243 numquam
567 1179 601 1225 se
631 1159 738 1244 ipsum
773 1157 983 1224 christianum
1009 1163 1135 1238 vocat,
1152 1155 1370 1242 compluribus

243 1271 325 1337 locis
343 1271 443 1337 stiam
464 1291 502 1337 se
521 1255 858 1352 excluderevidstur3
885 1269 1050 1336 domninus
1071 1276 1182 1335 eorum
1204 1273 1239 1334 et
1259 1268 1371 1334 discri-

244 1384 333 1449 mina
354 1383 538 1448 accuratius
559 1403 623 1448 non
644 1382 750 1464 novit3
774 1383 851 1466 quin
873 1382 981 1463 etiam,
1002 1359 1078 1448 curn¹
1096 1401 1200 1466 neque
1217 1380 1370 1446 Arianum

243 1516 347 1580 neque
375 1494 632 1561 Athanasianum
653 1514 688 1560 se
717 1514 787 1561 esse
810 1494 943 1576 doceat,
976 1493 1167 1561 concludere
1198 1514 1370 1578 possumus

244 1607 455 1674 christianum
485 1628 557 1675 eum
588 1607 716 1673 omnino
742 1589 807 1672 non
836 1607 980 1693 fuissel).
1002 1651 1043 1663 -
1065 1606 1187 1672 Tamen
1212 1626 1369 1691 nusquam

346 1815 372 1884 1)
398 1813 569 1884 Quamquam
597 1831 681 1885 supra
706 1813 824 1884 polliciti
848 1831 942 1868 sumus
973 1818 1030 1869 1ουΙ
1050 1813 1217 1868 coniecturis
1243 1813 1370 1867 omnibus

242 1900 394 1971 repudiatis
419 1901 498 1956 locos
521 1904 631 1955 tantum
653 1901 728 1971 ipsos
744 1900 920 1970 inspecturos
938 1917 1011 1969 esse,
1029 1904 1135 1968 111111,
1161 1903 1193 1953 ut
1211 1897 1369 1954 Gimazanio

242 1987 471 2058 respondeamus,
498 1988 532 2041 de
559 1987 721 2041 coniectura
748 1986 866 2055 quadam
890 2004 971 2056 quam
993 1986 1111 2056 protulit
1134 2002 1217 2055 agere
1235 1985 1369 2055 cogimur.

242 2072 315 2126 Nam
330 2072 414 2126 homo
432 2073 532 2127 doctus
545 2070 744 2140 Francogallus
758 2075 839 2142 putat
850 2071 1027 2127 Ammianum
1043 2075 1139 2126 natum
1157 2088 1192 2125 ex
1208 2071 1370 2142 parentibus

243 2159 400 2213 christianis
416 2159 507 2228 ipsum
524 2160 635 2213 nomine
650 2158 792 2212 christiani
805 2174 865 2213 esse
879 2151 1073 2229 appellandum
1088 2174 1121 2212 ea
1137 2157 1172 2212 de
1187 2173 1276 2226 causa,
1295 2157 1370 2225 quod

242 2249 276 2299 ut
291 2246 352 2317 ipse
370 2244 474 2300 referat
496 2245 526 2298 in
550 2263 695 2300 numerum
719 2243 915 2300 Protectornm
932 2242 1157 2303 Domesticorum
1176 2247 1306 2314 receptus
1326 2244 1369 2311 sit,

242 2332 271 2385 in
288 2348 342 2401 quo
361 2331 463 2386 nemini
480 2332 533 2386 nisi
552 2332 699 2386 christiano
724 2347 784 2385 esse
801 2330 919 2386 licuerit
955 2329 1032 2400 Quae
1050 2346 1095 2384 res
1113 2329 1271 2385 Gimaaanio
1289 2347 1369 2399 argu·

242 2421 336 2472 mento
361 2435 470 2487 quoque
495 2422 538 2472 est
561 2417 738 2473 Ammianum
761 2417 907 2472 commodo
934 2432 984 2471 suc
1007 2416 1088 2470 nimis
1112 2415 1269 2470 studentem
1295 2416 1370 2484 prin·

242 2504 312 2574 cipis
330 2504 462 2580 cuiusque
479 2503 642 2574 religionem
659 2504 821 2574 suscepisse.
857 2502 973 2574 Semper
990 2505 1082 2557 autem
1098 2502 1170 2556 bene
1188 2501 1223 2555 de
1243 2501 1368 2555 christia-

242 2590 367 2645 niseum
384 2589 478 2645 dicere
496 2606 530 2644 aa
548 2589 582 2644 de
608 2607 703 2660 cansa,
729 2590 804 2660 quod
830 2591 863 2644 ‘le
886 2588 1024 2660 pretendu
1046 2587 1172 2642 chretien
1196 2604 1231 2640 ne
1256 2588 1371 2656 pouvait

243 2693 296 2746 que
313 2677 377 2732 bien
395 2675 488 2746 parler
505 2677 542 2731 du
560 2676 769 2732 christianisme'
790 2677 828 2748 (p.
847 2677 901 2746 81).

344 2760 449 2816 Tamen
474 2762 503 2817 in
525 2762 578 2816 hac
604 2764 740 2818 sententia
761 2763 842 2818 valde
867 2761 1037 2817 offendimus.
1071 2758 1143 2814 Nam
1167 2760 1191 2815 si
1214 2761 1254 2814 ita
1277 2777 1321 2814 res
1339 2778 1369 2815 se

241 2849 365 2918 haberet,
383 2865 450 2902 num
466 2846 526 2904 fieri
544 2853 640 2919 posset
657 2854 689 2904 ut
705 2849 868 2904 Ammianus
885 2853 943 2903 tam
960 2851 1055 2918 aperte
1073 2865 1103 2902 se
1121 2864 1137 2900 a
1155 2846 1311 2901 christianis
1328 2863 1369 2900 se·

243 2935 342 3006 paret?
378 2932 488 3005 Quippe
514 2936 562 3005 qui
588 2953 658 3006 opus
680 2953 761 2990 sunm
785 2935 929 3006 scripserit
952 2939 1093 3005 tempore,
1119 2949 1173 3002 quo
1199 2933 1370 3002 principatus

243 3022 409 3077 christianus
431 3038 496 3076 suae
519 3021 648 3092 religioni
672 3022 791 3077 maxime
816 3022 938 3090 favebat,
963 3037 1134 3092 paganorum
1158 3019 1263 3073 cultum
1286 3020 1369 3074 etiam

242 3109 317 3162 omni
342 3107 425 3162 modo
459 3108 642 3178 opprimebat.
677 3106 776 3162 Nonne
804 3124 945 3178 speramus
976 3105 1165 3174 Ammianum,
1193 3105 1216 3158 si
1240 3109 1284 3160 est
1306 3105 1369 3160 talis

242 3195 352 3264 qualem
369 3194 429 3248 vult
441 3191 624 3263 Gimazanius,
644 3197 676 3249 ut
693 3212 722 3250 se
743 3193 918 3248 commendet
933 3192 1115 3264 principatui,
1139 3190 1318 3245 christianum
1339 3208 1369 3245 se

242 3282 382 3336 dicturum
407 3278 487 3335 esse?
521 3279 618 3336 Potuit
641 3281 730 3350 anim,
755 3269 885 3349 quoniam
909 3280 1066 3350 baptisatus
1092 3282 1211 3332 1111-
1232 3277 1288 3332 Sed
1314 3295 1369 3331 non

242 3367 356 3422 facimus
367 3384 431 3421 cum
441 3363 609 3421 Gimszsnio.
643 3366 708 3421 Hoc
727 3367 838 3435 quidem
855 3366 951 3436 negari
968 3383 1024 3419 non
1041 3381 1122 3434 posse
1139 3367 1282 3435 putamus:
1302 3363 1370 3417 Am·

241 3455 362 3508 mianum
385 3457 459 3522 tum,
485 3469 549 3507 cum
571 3453 699 3508 historias
723 3453 849 3523 scripsit,
877 3456 973 3522 aperte
998 3469 1055 3506 non
1082 3451 1260 3506 christianum
1278 3450 1368 3504 fnisse.

241 3538 371 3594 Fortasse
387 3539 474 3610 igitur
491 3539 537 3594 lex
554 3539 601 3594 illa
619 3557 701 3609 quam
721 3541 919 3593 commemorat
937 3536 1110 3592 Gimasanius
1128 3555 1182 3591 non
1201 3541 1258 3591 tam
1275 3553 1370 3591 severe

241 3628 403 3682 servabatur
429 3630 458 3680 et
482 3624 661 3695 Ammianus,
688 3642 853 3695 quamquam
880 3623 1031 3679 christiano
1058 3623 1148 3678 ordini
1175 3622 1371 3678 Protectorum

241 3710 467 3768 Domesticorum
485 3712 626 3780 addictus,
650 3716 744 3766 tamen
768 3713 828 3782 ipse
853 3728 975 3781 paganus
1002 3711 1062 3765 fuit.
1097 3709 1227 3775 Fortasse
1243 3715 1370 3780 tempore

241 3797 342 3854 Iuliani
361 3798 499 3867 (laesuris,
524 3799 581 3854 ‘ubi
605 3798 701 3854 adesse
718 3798 771 3853 sibi
787 3797 905 3853 liberum
929 3801 1039 3867 tempus
1065 3796 1185 3851 faciendi
1201 3813 1271 3866 quae
1287 3796 1371 3851 vellet

242 3884 369 3954 advertit,
387 3885 509 3955 pectoris
526 3884 659 3954 patefecit
676 3883 783 3939 arcans'
803 3883 849 3953 (cf.
867 3881 956 3938 XXII
976 3885 1000 3939 ὅ.
1017 3884 1045 3953 2)
1070 3887 1099 3938 et
1116 3880 1281 3953 irreligione
1300 3881 1370 3936 chri·

242 3971 332 4026 stiana
349 3971 459 4026 defecit.
493 3968 624 4026 Fortasse
641 3970 773 4041 pardatim
797 3972 832 4026 ab
851 3987 884 4025 ea
901 3971 1034 4026 alienatus
1052 3974 1102 4024 est.
1136 3966 1296 4037 Nescimns3
1322 3968 1371 4022 sed

244 4058 365 4127 scriptor
381 4074 474 4112 rernm
492 4061 726 4128 gestarum'certe
745 4057 798 4110 fuit
814 4074 871 4111 non
888 4056 1061 4111 christianus.
1095 4054 1190 4124 Atque
1209 4055 1284 4124 qnod
1302 4055 1372 4108 dicit

242 4143 326 4197 homo
344 4143 443 4198 doctus
467 4160 532 4198 enm
548 4161 605 4199 non
622 4144 673 4199 nisi
698 4145 769 4199 bene
792 4142 828 4198 de
851 4143 885 4197 iis
910 4160 979 4213 quae
995 4143 1138 4213 pertinent
1154 4140 1189 4194 ad
1208 4141 1371 4195 christianos

243 4227 328 4298 loqui,
344 4229 438 4285 videas
458 4248 558 4300 quaeso
577 4247 647 4299 quae
663 4229 717 4300 ipsi
734 4248 761 4299 p.
773 4227 873 4284 12-13
892 4229 1065 4297 contulimus,
1083 4227 1157 4282 unde
1175 4231 1291 4297 apparet
1303 4226 1371 4280 Am·
