2956 4950
577 477 579 483 Ι
682 361 743 450 Ι-
786 406 826 469 m
869 439 912 511 ᾗ

204 643 207 654 ,
238 574 319 640 illud
340 575 483 658 regimen
504 574 641 652 habere,
667 574 791 640 videbis
813 574 1016 639 ammianum
1038 573 1262 639 Marcellinum
1282 573 1371 639 bene

237 688 386 769 iusteque
406 685 560 753 mundum
580 707 639 769 per
661 707 778 751 numen
806 691 839 750 et
868 685 972 751 fatum
993 686 1063 769 regi
1085 686 1235 751 credisse.
1279 684 1369 751 Num

239 819 279 864 ea
299 798 413 881 religio
442 797 544 882 (quod
566 798 694 863 Curtius
716 798 795 863 dicit
822 820 854 882 p.
876 800 931 882 41)
959 796 1079 877 frigida
1102 798 1275 880 ieiunaque
1298 799 1370 863 est?

238 910 332 975 Certe
355 911 503 975 convenit
524 910 600 987 huic
620 910 768 993 religioni
796 910 895 989 bene,
923 909 1009 992 quod
1030 911 1100 993 ipse
1122 910 1310 975 Ammianus
1333 916 1371 976 et

237 1022 390 1088 mundum
413 1029 451 1088 et·
466 1022 612 1087 homines
634 1021 735 1087 bonos
763 1026 859 1107 putat
887 1021 1074 1104 indicatque
1095 1041 1234 1105 semper,
1262 1041 1368 1104 quan·

236 1139 306 1199 tum
327 1140 443 1218 potest,
469 1135 553 1199 iuste
576 1141 674 1217 atque
697 1154 808 1216 aeque.
853 1133 916 1199 Sed
938 1133 991 1198 hic
1010 1139 1059 1198 est
1080 1133 1187 1212 limen,
1211 1133 1299 1217 quod
1322 1133 1368 1198 ad

237 1246 365 1313 ethicen
382 1246 638 1319 ducit:‚nostrae
660 1245 858 1328 quaestionis
880 1245 945 1310 iarn
968 1244 1011 1309 ad
1032 1244 1128 1311 linem
1149 1245 1370 1330 pervenimus.

634 1611 974 1706 tortltslo.

339 1926 524 1990 Ammianus
556 1925 763 1990 Marcellinus
792 1945 900 2008 neque·
919 1925 1128 1991 christianam
1151 1946 1255 2009 neque
1277 1933 1368 1993 vete·

235 2058 303 2102 rem
326 2058 488 2121 paganam
509 2038 696 2120 religionem
718 2037 883 2120 professus
906 2043 963 2101 est.
1009 2037 1072 2103 Sed
1092 2043 1129 2102 ut
1150 2039 1183 2101 in
1206 2038 1295 2116 aliis,
1318 2040 1372 2105 ita
1426 2127 1429 2135 Ι

234 2150 268 2213 in
295 2150 392 2214 rebus
424 2149 583 2232 religiosis
613 2155 711 2232 atque
747 2148 787 2214 de
813 2149 1023 2233 religionibus
1052 2170 1135 2233 quae
1164 2156 1242 2215 tunc
1271 2158 1370 2216 erant

235 2282 362 2344 semper
377 2282 480 2344 aeque
497 2263 645 2344 iusteque
664 2261 795 2326 iudicat.
826 2261 965 2326 Maxime
979 2261 1097 2326 favisse
1113 2262 1241 2327 videtur
1255 2269 1373 2328 sectae

233 2372 506 2457 philosophorum,
529 2374 720 2457 quibuscum
742 2379 848 2438 tamen
872 2380 909 2439 ut
930 2374 998 2437 sine
1020 2375 1208 2457 exceptione
1231 2394 1266 2439 se
1289 2395 1369 2440 con·

234 2486 363 2568 iungat,
392 2491 519 2549 tantum
542 2485 650 2562 abest,
677 2491 714 2550 ut
736 2487 867 2550 nimiam
890 2506 1001 2550 eorum
1023 2486 1251 2552 auctoritatem
1281 2487 1370 2552 vitu·

233 2603 335 2680 peret.
380 2597 498 2662 Verum
522 2619 562 2662 ex
584 2597 789 2681 philosophia
817 2618 889 2663 eum
909 2598 1066 2681 plurimas
1089 2619 1171 2680 quas
1192 2598 1302 2682 prodit
1324 2599 1373 2665 de

119 2737 121 2742 ·
234 2709 331 2773 rebus
355 2709 470 2773 divinis
491 2710 655 2774 doctrinas
679 2709 825 2774 hausisse
847 2710 1018 2775 verisimile
1042 2716 1099 2775 est.

336 2821 421 2885 Deos
444 2828 568 2886 veteres
598 2843 666 2886 esse
698 2843 733 2886 re
764 2843 841 2886 vera
872 2842 936 2886 non
966 2822 1083 2901 credit,
1120 2821 1177 2886 sed
1208 2822 1372 2906 imagines

234 2932 391 3014 quasdam
415 2912 484 2997 esse
505 2933 619 2998 virium
642 2933 837 2998 naturalium
854 2940 957 3017 putot.
1002 2934 1160 2999 Miracula
1182 2940 1215 2999 et
1236 2934 1369 3000 fabulas
1458 2914 1462 2921 ⁴

234 3044 423 3108 ‘vetustatis’
443 3045 524 3108 solet
538 3045 690 3109 rationali
712 3045 807 3109 modo
823 3044 1040 3130 interpbetari.
1085 3046 1198 3129 Neque
1220 3046 1372 3113 iustitiae

234 3160 290 3220 aut
313 3155 385 3219 aliis
403 3155 575 3221 virtutibus
599 3157 876 3240 qualitatibusque
899 3158 1048 3223 humanis
1066 3164 1263 3242 potestatem
1284 3156 1371 3223 divi-

233 3288 308 3330 nam
334 3267 465 3347 tribuit3
489 3268 545 3332 sed
567 3269 750 3351 ubicunque
772 3269 805 3333 id
827 3268 897 3334 fieri
919 3269 1064 3349 videtur,
1094 3269 1219 3353 figurae
1238 3274 1368 3335 tantum

234 3378 360 3442 dicendi
385 3386 522 3443 exstant.
1369 3462 1374 3471 Ι

336 3489 442 3554 Unum
465 3491 559 3555 deum
582 3492 667 3556 colit.
712 3492 818 3567 ‘Deus’
850 3499 958 3558 autem
988 3494 1195 3559 Ammianeus
1225 3514 1289 3568 non
1317 3499 1374 3558 est

233 3623 348 3666 nomen
375 3604 541 3685 proprium
571 3625 729 3687 personae
760 3605 926 3669 cuiusdam
956 3611 1064 3670 certae
1096 3605 1231 3670 divinae.
1282 3603 1370 3668 Nam

232 3735 291 3796 pro
326 3713 404 3778 ‘deo'
436 3716 544 3798 potius
586 3716 805 3799 compluribus
840 3719 943 3782 utitur
980 3718 1139 3800 ambiguis
1173 3715 1369 3794 nominibus,

233 3825 312 3889 dicit
334 3827 479 3904 ‘numen'‚
502 3828 580 3910 quin
604 3829 701 3892 etiam
726 3836 861 3908 buram,
885 3836 998 3894 nutum
1021 3829 1203 3894 caelestem’
1225 3836 1258 3893 et
1279 3828 1370 3892 simi-

231 3936 284 4001 lia.
337 3938 451 4021 ltaque
481 3960 545 4003 non
575 3961 762 4023 personam,
795 3941 852 4005 sed
878 3943 941 4006 vim
970 3943 1079 4026 potius
1110 3941 1250 4006 divinam
1279 3939 1373 4005 colit.

233 4048 357 4114 Bonum
380 4057 488 4115 autem
511 4052 696 4134 iustumque
725 4058 775 4117 est
797 4075 912 4118 numen
944 4054 1024 4119 illud
1047 4060 1081 4119 et
1101 4057 1190 4117 amat
1211 4051 1370 4117 hominos.

334 4163 509 4227 Praeterea
540 4163 644 4228 credit
674 4185 744 4228 esse
767 4165 885 4247 genios.
930 4167 1016 4245 Quos
1048 4185 1163 4230 caveas
1193 4183 1233 4228 ne
1259 4162 1373 4229 locum

232 4277 376 4338 veterum
400 4274 532 4340 deorum
557 4275 702 4340 obtinere
724 4285 828 4360 putes.
873 4277 992 4342 Contra
1014 4279 1099 4361 genii
1124 4279 1200 4343 sunt
1222 4279 1374 4358 potesta-
