2956 4950
575 410 786 471 -25-

116 572 224 638 ‘ductu
245 574 419 638 numinum'
450 579 483 639 et
511 574 652 640 ‘deorum
683 575 807 641 monitu
827 577 952 656 iussus,
984 599 1065 660 quos
1095 601 1134 643 ex
1165 580 1244 663 ipsis
1300 590 1306 602 ‘

115 692 284 771 poetarum
305 685 412 751 verbis
434 686 642 772 depromptos
671 687 773 754 rideri
804 711 903 772 supra
924 690 988 754 iam
1011 689 1242 756 domonstravi-

115 819 194 863 mus.
239 799 375 863 Omnino
397 803 504 865 autem
528 798 624 864 aliter
644 821 717 867 enm
739 800 779 865 de
806 801 954 867 ‘numine’
977 801 1071 867 etde
1094 802 1173 868 ‘deo'
1197 803 1244 868 di·

116 931 189 975 6666
210 910 295 976 infra
315 890 503 976 videbimus.

217 1021 281 1086 Sed
303 1027 434 1106 praeter
460 1022 532 1089 illos
562 1045 643 1108 quos
674 1023 782 1091 adhuo
808 1023 976 1090 attulimus
1000 1024 1088 1091 looos
1110 1026 1243 1093 minoris

115 1135 268 1200 momenti
289 1133 433 1200 nonnulli
457 1136 554 1201 etiam
577 1142 706 1202 exstant
735 1135 852 1220 quibus
873 1137 944 1221 ipae
966 1137 1006 1202 de
1026 1136 1088 1202 diis
1109 1138 1242 1205 iudioat.

115 1247 308 1330 Priusquam
330 1251 438 1312 autem
468 1245 511 1313 ad
541 1268 596 1314 eos
624 1249 800 1315 transimus
830 1249 938 1315 dioere
968 1249 1061 1316 nobis
1083 1249 1181 1316 116661
1204 1251 1244 1317 de

115 1359 227 1443 paucis
249 1358 366 1442 quibus
389 1360 517 1426 (lartius
538 1361 656 1440 utitur,
687 1366 724 1426 ut
752 1362 945 1427 sententiam
975 1384 1066 1428 suam
1088 1363 1243 1447 (Ammia-

115 1493 191 1536 num
213 1471 322 1555 plures
345 1471 422 1537 deos
445 1472 595 1557 66161666)
617 1472 763 1538 stabiliat
784 1476 827 1559 (p.
852 1475 915 1557 26).

217 1583 307 1648 XVII
329 1589 357 1647 7.
383 1589 435 1664 10,
465 1583 521 1649 ubi
544 1584 667 1651 ‘adesse
688 1585 826 1670 tempus’
849 1586 1013 1652 existimat
1035 1586 1242 1654 Marcellinus

116 1703 230 1781 ‘pauca
252 1695 377 1776 dicere,
408 1717 492 1781 quae
523 1696 563 1762 de
592 1700 701 1762 terrae
730 1696 877 1782 pulsibus
907 1699 1093 1764 coniectura
1118 1705 1244 1766 veteres

116 1807 342 1892 conlegerunt’.
386 1809 625 1890 delabentem,
656 1831 728 1874 oum
750 1809 830 1875 talia
851 1814 989 1891 tractat,
1020 1811 1186 1895 opiniones
1211 1817 1244 1877 et

115 1919 380 2007 philosophorum
402 1926 434 1985 et
462 1920 598 1987 aliorum
619 1921 807 2007 ooniunotas
830 1926 927 2006 atque
949 1923 1033 1988 inter
1056 1945 1090 1989 66
1113 1944 1242 2008 compo·

116 2034 195 2099 sitas
218 2033 334 2098 afferre
357 2034 407 2117 (ut
428 2033 462 2097 in
483 2033 558 2099 XIV
576 2039 623 2098 ll.
640 2039 695 2115 253
718 2035 795 2100 XXI
811 2040 837 2099 1.
855 2037 898 2117 8).
942 2036 1056 2118 Itaque
1078 2036 1140 2101 hoo
1163 2057 1242 2119 quo·

116 2167 178 2230 que
199 2145 270 2211 looo
291 2145 481 2229 priusquam
504 2146 680 2233 sententiaa
695 2146 888 2227 Aristotelis,
911 2149 1132 2231 Anaxagorae,
1155 2153 1240 2214 oete-

116 2279 226 2324 rorum
248 2257 367 2343 prodit,
389 2256 597 2343 philosophos
616 2259 702 2324 inter
730 2279 765 2324 se
787 2258 957 2325 dissentire
980 2259 1067 2340 dioit,
1082 2260 1189 2326 '‘unde
1211 2266 1247 2326 et·

115 2371 149 2434 in
170 2369 343 2436 ritualibus
366 2374 399 2435 et
419 2369 593 2455 pontificiis
620 2371 919 2456 obtemperantibus
940 2372 1130 2438 saoerdotiis
1153 2393 1245 2438 care·

116 2487 170 2548 tur
191 2504 231 2548 ne
252 2482 316 2548 alio
338 2482 399 2548 deo
422 2504 481 2568 pro
504 2483 567 2549 alio
590 2484 769 2562 nominato,
799 2504 872 2550 cum
904 2485 960 2568 qui
990 2505 1101 2550 eorum
1123 2489 1244 2550 terram

117 2594 281 2660 oonoutiat
300 2594 343 2660 sit
372 2594 406 2659 in
429 2591 594 2676 abstruso,
620 2596 750 2681 piaoula
772 2597 1032 2663 committantur‘.
1076 2596 1161 2662 Num
1184 2597 1245 2662 hoo

115 2707 187 2772 loco
221 2727 294 2799 eum
325 2707 425 2791 (quod
443 2707 570 2774 (lartius
590 2707 673 2792 6611)
701 2709 779 2794 ‘ipse
804 2730 887 2793 quae
912 2710 1031 2776 sentiat
1053 2715 1151 2792 atqua
1173 2730 1245 2793 per·

117 2840 213 2885 suasa
234 2817 354 2884 habeat
373 2819 503 2885 tradere
526 2821 697 2904 apparet'?
719 2819 859 2887 Minime.
903 2821 1012 2901 Quid?
1040 2821 1133 2901 Quod
1155 2821 1247 2887 XVII

120 2937 167 2998 10.
192 2937 210 2996 2
240 2930 320 2996 dioit
342 2935 388 2996 ‘ut
415 2931 449 2996 in
470 2931 632 3015 Tageticis
660 2932 752 2999 libris
780 2933 898 3018 legitur
919 2934 1047 3000 Veioris
1056 2936 1081 3021 ¹)
1112 2933 1244 3000 fulmine
1360 2971 1372 2996 .

117 3065 192 3108 mox
213 3042 393 3128 tangendos
415 3044 496 3109 adeo
518 3043 667 3110 hebetari
696 3050 733 3111 61
759 3065 818 3111 neo
847 3045 1003 3112 tonitrum
1025 3068 1085 3112 nec
1105 3046 1244 3111 maiores

117 3155 243 3239 aliquos
266 3156 392 3240 possint
420 3156 534 3222 audire
563 3156 718 3240 fragores’
743 3195 785 3206 -
808 3158 886 3242 quid
916 3180 956 3224 ex
987 3179 1024 3224 eo
1053 3157 1245 3224 oonoludere

116 3268 186 3333 vis?
230 3267 318 3334 Nihil
337 3266 426 3355 aliud
454 3269 516 3335 nisi
544 3271 747 3336 Ammianum
778 3269 925 3336 lectionis
951 3270 1076 3357 sopiam
1104 3268 1244 3335 libenter

117 3380 295 3446 ostendere.

228 3493 276 3558 De
304 3492 397 3558 XXII
426 3499 516 3576 e.3;
554 3500 583 3562 8.
608 3501 643 3576 5;
681 3499 710 3561 8.
732 3500 772 3562 39
810 3496 875 3560 iam
910 3515 1010 3580 supra
1039 3494 1179 3578 egimus;
1213 3494 1247 3559 in

118 3605 208 3671 XVII
231 3611 259 3670 4.
285 3611 322 3670 12
354 3606 556 3672 Ammianum
587 3627 651 3672 non
678 3606 755 3673 deos
784 3607 842 3672 sed
870 3607 1034 3691 egregium
1061 3627 1243 3671 monumen·

118 3722 187 3782 tum
211 3717 316 3783 661666
338 3717 472 3800 soimus;
495 3719 573 3802 quid
597 3698 830 3785 6611111113
853 3724 1010 3804 sequatur
1031 3718 1246 3803 quaesivimus

117 3852 148 3915 p.
174 3833 221 3894 17.
266 3829 380 3896 Restat
400 3829 500 3913 igitur
521 3831 598 3895 XIX
619 3837 648 3897 4.
672 3836 700 3911 3,
723 3851 817 3915 quem
836 3831 943 3898 looum
965 3853 1098 3916 prorsus
1120 3835 1246 3896 eontra-

118 3943 202 4007 rium
233 3941 454 4008 demonstrare
484 3943 686 4009 Ammianum
713 3965 777 4009 non
807 3943 907 4010 fuisse
945 3942 1101 4010 oultorem
1131 3942 1248 4008 veteris

117 4053 281 4138 religionis
301 4074 376 4119 mox
397 4053 585 4123 videbimus.

220 4295 248 4365 Ι)
267 4294 462 4352 strationem
480 4294 588 4352 Gelenii
606 4297 752 4366 sequimur.
