2956 4950
718 431 762 446 ..
801 390 845 460 ‘1'2
890 434 931 444 ..

260 554 382 631 XXVII
405 572 432 645 3,
461 555 600 648 12—'153
631 568 804 651 praecipue
819 556 912 653 §id
943 559 1121 633 certamina
1146 589 1229 651 quae
1257 567 1389 632 fuerunt

260 679 295 744 in
316 678 397 744 urbe
420 679 460 744 de
482 673 558 744 sede
580 679 756 764 episcopali
783 700 920 745 narrans
949 679 1069 744 ironice
1092 679 1131 744 de
1158 679 1388 746 cousuetudine

260 791 468 874 moribusque
498 791 709 875 plurimorum
736 792 960 875 episcoporum
991 791 1073 875 agit;
1112 792 1209 856 etiam
1239 790 1315 856 XXI
1339 798 1388 857 16.

265 892 303 968 18
324 902 416 968 locus
446 923 541 986 quem
571 924 672 987 supra
701 902 868 968 attulimus
897 903 961 968 huc
989 908 1124 988 spectat.
1168 903 1278 986 Pergit
1304 904 1389 969 enim

261 1003 415 1098 scriptor:
438 1015 609 1099 (episcopi)
633 1015 740 1080 ‘ritum
763 1035 888 1080 omnem
910 1015 953 1080 ad
975 1006 1215 1081 suum'trahere
1231 1008 1389 1082 conantur

261 1126 451 1192 arbitrium'.
496 1127 642 1211 Denique
665 1127 752 1210 quod
768 1127 936 1210 Georgius,
958 1127 1127 1212 episcopus
1145 1118 1389 1208 Alexandrinus,

260 1244 344 1304 ‘cum
365 1229 520 1305 transiret
540 1229 600 1323 per
621 1239 801 1323 speciosum
820 1239 914 1305 Genii
935 1229 1098 1322 templum’
1194 1245 1300 1323 ‘quam
1323 1240 1388 1306 diu’

259 1350 366 1434 iuquit
389 1341 581 1435 ‘sepulcrum
603 1352 666 1417 hoo
687 1351 819 1417 stabit’?
841 1389 883 1400 -
906 1345 1073 1417 Ammiano
1096 1357 1156 1417 ‘est
1176 1351 1305 1417 malum’
1318 1345 1388 1418 ¹ali·

262 1462 340 1546 quid
362 1462 469 1547 (XXII
493 1467 542 1528 11.
566 1465 599 1548 7)

364 1575 468 1640 Antea
500 1567 637 1643 vidimus
667 1565 881 1642 ‘Ammianum
918 1566 1059 1640 uoluisse
1095 1575 1306 1642 christianum
1338 1576 1389 1642 vel

261 1687 420 1752 nominari
441 1679 491 1752 vel
513 1677 634 1768 videri’,
655 1688 720 1752 iam
742 1678 956 1771 comperimus
976 1686 1049 1753 illos
1070 1681 1167 1752 etiam
1189 1688 1231 1753 ab
1254 1682 1292 1754 eo
1315 1709 1387 1771 gra·

261 1800 389 1865 vissime
411 1799 598 1884 vituperari.
642 1800 728 1883 Ergo
757 1821 821 1865 uon
849 1799 949 1865 solum
976 1799 1063 1883 quod
1084 1799 1201 1865 attinet
1223 1800 1265 1865 ad
1286 1800 1389 1866 libros

261 1912 330 1977 eius
354 1911 411 1976 sed
439 1912 537 1977 etiam
566 1917 604 1977 nt
625 1912 721 1977 homo
741 1912 888 1996 privatus
909 1932 948 1976 ex
970 1910 1118 1995 pertibus
1138 1911 1387 1978 ohristienorum

260 2023 388 2089 stetisse
421 2044 486 2089 non
523 2018 658 2089 videtur.
703 2023 816 2107 Neque
849 2029 957 2088 tamen
992 2023 1055 2088 fuit
1090 2023 1238 2089 iuimicus
1277 2017 1388 2090 eorum

261 2135 421 2219 religioni,
450 2129 569 2202 ecimus
597 2136 681 2201 enim
703 2157 774 2201 eam
794 2135 981 2220 ‘simplicem
1009 2141 1043 2200 et
1072 2135 1263 2201 absolutam'
1287 2137 1388 2202 nomi·

260 2247 341 2312 nari.
384 2247 499 2332 Itaque
520 2248 641 2315 iustum
671 2269 745 2314 eum
765 2247 865 2314 fuisse
893 2252 992 2332 atque
1012 2242 1154 2313 medium
1175 2248 1388 2342 iuterpartes

261 2359 430 2444 religiosae
464 2360 656 2426 concludere
691 2361 843 2444 cogimur.
900 2359 1006 2444 Atque
1045 2359 1275 2445 comprobatur
1306 2360 1389 2427 haec

261 2472 422 2538 sententia
442 2472 515 2537 loco
537 2472 677 2556 quodam
699 2472 866 2556 permagni
885 2472 1051 2552 momenti,
1073 2491 1136 2555 quo
1158 2471 1237 2554 quid
1257 2472 1327 2557 ipse
1348 2472 1388 2538 de

261 2583 513 2650 ‘diversitatibus
532 2584 731 2669 religionum’
754 2578 1028 2668 censeataperte
1049 2604 1107 2649 noe
1124 2583 1233 2650 docet:

364 2694 456 2761 XXX
478 2703 507 2763 9.
530 2703 567 2763 5:
596 2702 768 2781 ‘postremo
789 2695 851 2762 hoc
878 2696 1097 2762 moderamine
1118 2695 1319 2780 principatus
1340 2697 1388 2761 in·

262 2808 380 2874 claruit
397 2808 484 2892 quod
505 2809 590 2875 iuter
611 2809 800 2894 religionum
823 2809 1028 2875 diversitates
1043 2807 1169 2874 medius
1190 2809 1297 2889 stetit,
1327 2830 1387 2874 nec

265 2940 459 3005 quemquam
486 2921 695 3005 inquietavit,
733 2941 837 3005 neque
867 2924 905 2986 ut
934 2915 1009 2986 hoo
1024 2920 1185 2986 coleretur
1216 2921 1388 3005 imperavit

262 3038 320 3098 aut
348 3026 445 3098 illud:
475 3054 535 3099 nec
564 3033 744 3099 interdictis
772 3033 952 3099 minacibus
982 3033 1200 3099 subiectorum
1231 3034 1388 3099 cervicem

262 3144 369 3225 adid,
391 3145 478 3228 qnod
499 3146 570 3230 ipse
592 3144 700 3226 coluit,
723 3144 917 3226 inclinabat,
939 3145 997 3211 sed
1014 3145 1226 3211 ¹intemeratus
1256 3145 1390 3230 reliquit

261 3257 321 3322 has
342 3261 454 3341 partes
475 3262 513 3323 ut
533 3257 694 3342 repperit'.
1208 3251 1211 3257 ’

364 3369 450 3453 Ergo
465 3370 548 3435 haec
570 3374 619 3435 eet
632 3370 792 3436 sententia
808 3369 982 3435 Ammiani:
1002 3368 1115 3453 religio
1136 3389 1201 3434 non
1223 3374 1274 3435 est
1289 3390 1389 3435 causa
1466 3399 1470 3405 ·

261 3477 402 3566 publica,
424 3481 481 3547 sed
501 3481 644 3567 privata3
675 3481 762 3548 colat
789 3503 880 3549 suam
905 3483 1042 3567 quisque
1070 3481 1271 3566 religionem
1301 3481 1390 3547 rixas

261 3599 371 3659 tamen
385 3593 583 3678 singulorum
605 3615 658 3660 res
677 3594 810 3680 publica
832 3596 898 3660 sive
920 3595 1072 3680 princeps
1086 3595 1267 3679 opprimere
1283 3593 1390 3659 debet.

364 3704 436 3771 Hac
462 3706 646 3772 tolerantia
664 3728 742 3773 usus
772 3707 911 3790 scriptor
941 3726 1012 3772 cum
1042 3706 1290 3772 christianorum
1320 3711 1390 3771 tum

263 3812 386 3883 eorum
401 3817 566 3903 religionis
596 3818 675 3884 vitia
713 3815 843 3903 quidem
872 3818 1086 3904 vituperabit,
1114 3819 1250 3884 virtutes
1282 3822 1392 3883 autem

261 3929 418 3995 laudabit.
461 3930 576 4014 Itaque
597 3931 658 3997 etsi
678 3930 754 4015 (rid.
770 3913 866 4016 supr,
889 3930 1081 3997 christianos
1103 3935 1237 4016 propter
1254 3929 1391 3995 iuimici-

262 4042 325 4107 tias
354 4042 440 4107 inter
472 4063 506 4108 se
536 4044 699 4128 vituperat
726 4043 834 4117 (XXII
864 4048 892 4108 5.
915 4043 966 4128 4),
998 4048 1107 4109 tomen
1138 4062 1243 4127 neque
1273 4041 1391 4107 Iuliani

263 4139 452 4219 clementiae
489 4175 598 4220 veram
635 4176 766 4220 causam
795 4154 894 4221 celat:
931 4159 978 4221 ‘ut
1005 4154 1219 4221 dissensiones
1252 4159 1391 4237 augente

254 4264 393 4335 ¹licentia
424 4286 489 4334 non
507 4267 638 4334 timeret
658 4263 899 4333 unanimantem
920 4272 1036 4353 postea
1056 4265 1210 4352 plebem'3
1241 4266 1302 4333 etsi
1324 4266 1390 4350 epi-
