2956 4950
554 427 774 498 ...17-

96 624 242 689 paganos
263 605 341 670 iusti
361 605 434 670 sint.
471 605 557 670 ‘Aliis
585 627 714 689 quoque
742 605 821 671 locis
849 604 1021 672 verisimile
1049 605 1086 672 fit
1109 621 1225 673 eume

96 717 244 799 partibus
265 737 465 801 paganorum
486 718 595 783 fuisse.
640 718 792 785 Videmus
823 719 907 783 enim
936 739 1008 784 eum
1030 719 1226 784 christianos

97 828 282 912 vituperare
304 850 375 895 cum
398 835 532 914 propter
554 830 619 895 0110
640 830 747 914 (XXII
770 837 798 896 5.
821 835 858 912 4;
886 830 1007 896 XXVII
1029 836 1057 895 3.
1081 836 1223 912 12—153

97 939 174 1005 XXI
206 947 253 1006 16.
280 946 335 1023 183
358 941 430 1007 ride
459 964 489 1026 p.
515 944 567 1027 10)
589 946 659 1006 tum
683 941 770 1026 quod
799 941 906 1028 (XXII
935 946 983 1009 11.
1007 943 1039 1026 7)
1068 943 1224 1027 1000100

97 1052 190 1117 (10011
211 1054 434 1138 ‘sepulchrum’
454 1054 696 1120 nominaverint.
743 1054 814 1119 Alio
840 1054 912 1119 loco
935 1055 1082 1138 queritur
1103 1055 1144 1120 de
1165 1076 1223 1141 pa·

95 1163 204 1230 latinis
232 1165 325 1231 XXII
355 1173 383 1232 4.
407 1172 442 1231 3:
478 1167 573 1250 ‘pasti
603 1169 686 1233 enim
720 1188 760 1232 ex
789 1167 839 1232 his
868 1166 1000 1250 quidam
1029 1167 1223 1252 templorum

96 1276 206 1360 spoliis
229 1284 262 1342 01
283 1278 338 1343 ...’
351 1279 386 1363 1).
430 1279 576 1362 Denique
607 1278 873 1345 ‘inverecundum'
904 1299 973 1344 esse
1002 1279 1082 1344 dicit
1109 1280 1223 1345 domus

95 1389 303 1471 ‘privatorum
325 1390 460 1456 aedibus
483 1391 584 1456 sacris
600 1410 760 1456 connexas
782 1390 861 1456 esse’
883 1396 982 1474 atque
995 1391 1109 1457 laudat
1124 1392 1222 1456 Prae·

94 1504 265 1583 tentatum,
289 1503 375 1585 quod
397 1502 431 1567 id
454 1505 592 1568 vetuerit
614 1503 749 1587 (XXVII
771 1509 799 1569 9.
824 1504 887 1587 10).
931 1502 1024 1569 Certe
1045 1504 1145 1587 Igitur
1164 1525 1223 1588 pa·

94 1614 186 1694 genis
207 1614 302 1679 10001.
347 1615 413 1680 Sed
433 1637 508 1680 num
529 1615 615 1681 idem
636 1636 797 1699 paganam
818 1615 1006 1698 religionem
1029 1615 1129 1681 colit?

127 1762 129 1769 ι
196 1727 322 1792 Nullius
344 1728 497 1792 momenti
518 1733 593 1792 sunt
614 1727 678 1793 duc
697 1727 776 1808 loci,
806 1726 923 1809 quibus
945 1728 1066 1793 cultum
1090 1727 1140 1792 001
1162 1750 1218 1793 00·

94 1838 213 1903 tistites
229 1838 362 1905 deorum
384 1844 510 1905 tantum
530 1844 778 1905 commemorat:
801 1838 909 1905 XXIII
928 1844 956 1905 3.
973 1845 1009 1904 7:
1031 1839 1127 1924 (dies)
1148 1847 1221 1923 ‘quc

94 1949 215 2014 Romae
237 1952 334 2015 matri
358 1951 491 2017 deorum
520 1972 657 2037 pompae
685 1951 890 2016 celebrantur
919 1951 1060 2016 annales’
1082 1955 1115 2016 01
1137 1972 1221 2034 quae

93 2083 169 2144 seq.‚
192 2067 291 2146 atque
313 2062 422 2128 XXIII
445 2069 472 2129 6.
496 2068 554 2128 24:
586 2064 801 2129 ‘simulacrum
831 2063 941 2128 Comei
963 2063 1118 2148 Apollinis
1147 2085 1220 2148 per-

93 2173 197 2240 latum
224 2175 358 2240 Romam
387 2176 421 2240 in
451 2176 531 2242 aede
551 2176 708 2260 Apollinis
742 2173 882 2241 Palatini
904 2174 1037 2241 deorum
1059 2176 1221 2241 antistites

96 2287 313 2353 collocarunt’.
358 2289 549 2354 Accuratius
572 2288 746 2353 tractanda
773 2293 848 2354 sunt
877 2287 977 2353 verba
999 2289 1089 2353 XVII
1109 2294 1138 2353 4.
1164 2293 1220 2353 12:

93 2399 321 2466 Constantinus
336 2399 512 2466 obeliscum
535 2401 612 2466 ‘Deo
635 2401 702 2466 Soli
724 2400 858 2484 speciali
872 2421 1004 2466 munere
1025 2400 1218 2466 dedicatum'

93 2511 228 2576 Romam
257 2512 424 2578 transtulit
449 2514 480 2598 (ς
505 2515 574 2598 1310
611 2513 700 2578 ‘nibil
730 2514 929 2578 committere
966 2513 999 2577 10
1033 2513 1220 2597 religionem

92 2628 206 2689 00010
230 2625 416 2689 existimans
442 2625 469 2689 si
493 2625 638 2691 ablatum
660 2646 725 2691 000
746 2625 868 2709 100010
892 2625 1082 2694 miraculum
1100 2626 1220 2690 Romae
1327 2694 1328 2698 ,

93 2743 246 2816 sacraret,
267 2737 287 2801 1.
305 2758 331 2801 e.
357 2738 390 2800 in
409 2737 530 2821 templo
553 2737 800 2803 000111011003
846 2736 910 2802 Sed
931 2737 1013 2802 haec
1036 2736 1135 2828 verba
1156 2758 1226 2801 non>

93 2848 305 2932 0000100101
328 2849 449 2914 cultum
473 2848 622 2931 (10000ος
646 2849 758 2932 religio
780 2849 846 2930 1110,
869 2869 934 2933 qua
953 2849 1057 2914 utitur
1079 2849 1219 2914 Ammia-

91 2982 168 3040 nus,
198 2982 262 3026 non
292 2967 341 3026 est
369 2962 474 3046 pietas
503 2982 581 3045 erga
603 2962 715 3042 deum,
745 2962 801 3027 sed
828 2962 935 3046 pietas
957 2981 1036 3044 erga
1055 2961 1219 3045 egregium

90 3072 170 3137 illud
190 3079 438 3139 monumentum.
941 3135 943 3140 .

194 3184 257 3250 Sed
281 3207 353 3251 cum
374 3186 481 3251 adhuc
495 3192 686 3270 argumenta
707 3186 825 3251 afferre
848 3206 910 3250 000
927 3185 1126 3269 potuerimus
1145 3187 1218 3248 Am·

92 3297 233 3362 mianum
256 3300 357 3363 cultui
379 3299 480 3364 001001
502 3299 620 3377 100000,
640 3299 704 3363 duo
725 3297 789 3363 loci
811 3299 909 3362 etiam
925 3302 1039 3361 contra
1059 3317 1129 3361 eam
1148 3317 1218 3360 sen·

90 3409 225 3474 tentiam
266 3417 419 3495 pugnant,
480 3411 542 3476 Ubi
576 3412 644 3493 agit
677 3411 717 3475 de
755 3430 839 3474 anno
871 3409 1074 3488 intercalari,
1114 3409 1220 3492 pergit

90 3520 210 3605 (XXVI
233 3527 258 3586 1.
286 3524 354 3607 12):
385 3528 471 3588 ‘tunc
499 3523 602 3606 magis
632 3543 777 3588 errorum
799 3521 961 3606 profunda
983 3520 1119 3603 caligine
1140 3519 1218 3583 fluc-

90 3633 245 3713 tuabant,
273 3655 346 3699 cum
375 3636 408 3698 in
431 3635 616 3700 sacerdotes
637 3640 833 3720 potestatem
856 3633 1096 3698 transtulissent
1119 3632 1217 3695 inter-

90 3743 235 3826 kalandi‚
264 3747 318 3828 qui
339 3746 474 3811 licenter
497 3748 717 3829 gratificantes
738 3746 985 3830 publicanorum
1013 3744 1063 3810 001
1089 3743 1217 3825 litigan-

194 3981 219 4048 1)
244 3979 418 4034 (1100000100
442 3979 582 4050 Heynium
608 3981 648 4048 (10
672 3978 848 4049 ‘prolusione‘
875 3996 900 4048 p.
924 3976 1064 4032 CXXXII
1089 3976 1218 4037 editionis

90 4063 189 4134 Wagn.
202 4065 271 4134 1101.)
291 4070 403 4119 secutus
420 4065 493 4120 huno
510 4067 603 4120 lecum
622 4067 750 4136 (‘paroles
767 4064 833 4134 qu'il
851 4064 910 4118 faut
927 4064 1111 4118 evidemment
1124 4067 1217 4116 enten-

90 4151 139 4205 dre
157 4151 205 4206 des
226 4151 371 4206 chrotiens'
395 4171 422 4221 p.
441 4156 485 4219 71)
508 4153 714 4222 interpretetur,
740 4157 771 4204 01
796 4151 973 4204 Ammianum
992 4150 1157 4204 christianos
1173 4165 1217 4202 ac-

91 4254 187 4291 cusare
205 4237 288 4293 dicat.
324 4238 456 4292 Attamen
475 4243 551 4292 totus
569 4238 647 4292 locus
665 4239 758 4291 odium
779 4255 833 4290 non
852 4236 1064 4290 christianorum
1083 4234 1132 4288 sed
1144 4234 1217 4304 pala·

89 4324 211 4378 tinorum
228 4329 336 4379 tantum
352 4326 476 4395 praebet.

871 4488 875 4498 1
992 4409 1009 4460 2
