2956 4950
630 371 842 433 ..54-

172 539 246 604 xlv
274 540 516 625 11.19‘(s0rs)
544 559 610 622 qua
638 539 867 623 praestitutum
896 543 967 603 erat
996 559 1069 604 eum
1095 519 1162 604 vita
1182 544 1215 604 et
1236 539 1300 603 im-

171 652 262 737 perio
285 650 436 735 spoliari'.

276 769 303 829 5.
334 762 407 846 Opt'
398 783 461 827 nne
483 767 540 827 aut
541 783 590 826 em
622 761 728 826 omnia
750 782 834 844 quae
856 761 1051 827 antecedunt
1075 763 1232 846 compleat
1232 763 1303 828 itur

172 875 254 940 haec
278 875 455 941 sententia:
491 874 566 939 XVI
599 879 625 938 1.
651 880 671 939 4
701 872 798 938 ‘videt
784 878 837 938 tur
868 873 952 939 enim
983 873 1049 951 lex
1082 875 1192 940 vitae
1224 896 1302 940 eum

175 987 331 1053 comitata
352 986 440 1052 ssse’.

274 1098 470 1165 Videmus
461 1099 562 1181 igitur
598 1096 699 1162 fatum
730 1117 855 1180 semper
890 1118 1037 1164 severum
1074 1097 1236 1182 quoddam
1268 1105 1302 1164 et

174 1211 293 1277 serium
325 1215 424 1294 atque
457 1230 609 1294 superum
645 1209 850 1292 divinumque
886 1230 964 1275 esse.
1019 1210 1157 1276 Maxime
1189 1216 1302 1277 autem

173 1323 337 1406 discrepat
361 1322 402 1387 ab
426 1342 464 1386 eo
486 1320 642 1386 fortuna.
687 1303 768 1386 Nam
797 1322 883 1404 quod
906 1343 1004 1405 supra
1024 1323 1162 1388 diximus
1182 1324 1225 1407 (p.
1244 1326 1304 1408 44)

173 1435 337 1500 fortunam
360 1439 388 1499 3.
412 1454 482 1499 esse
505 1433 607 1498 simile
630 1432 752 1515 aliquid
775 1453 813 1498 ac
835 1432 947 1512 fatum,
968 1456 1050 1500 unus
1064 1440 1191 1501 tantum
1215 1437 1303 1502 eius-

175 1547 261 1612 modi
291 1546 381 1612 loous
412 1550 534 1624 exstat,
570 1565 664 1627 quem
694 1542 740 1608 ibi
769 1547 1100 1612 commemoravimus:
1130 1548 1188 1612 XV
1211 1555 1239 1614 5.
1266 1554 1303 1614 l:

175 1659 217 1723 ‘ni
247 1658 379 1724 fortuna
399 1657 597 1722 moderatrix
625 1656 837 1721 humanorum
869 1678 1000 1723 casuum
1029 1664 1151 1725 motum
1183 1666 1305 1727 eventu

176 1770 273 1836 celeri
296 1769 545 1835 consummavit?
590 1768 723 1852 Semper
751 1773 860 1834 autem
890 1791 973 1853 quae
1003 1770 1081 1836 dicit
1111 1773 1303 1838 Ammianus

177 1883 216 1948 de
235 1882 380 1961 fortuna,
409 1881 451 1947 ad
472 1881 631 1945 humanas
652 1885 775 1945 tantum
799 1901 851 1946 res
877 1887 1039 1965 spectant,
1068 1888 1200 1967 praeter
1221 1885 1304 1949 For-

175 2001 286 2061 tunam
310 1995 402 2060 deam
432 1998 465 2058 et
486 1993 632 2057 fortunas
660 1993 680 2056 i.
696 2013 722 2056 e.
753 1993 863 2076 genios
874 1995 908 2078 1).
952 1995 1066 2078 Itaque
1088 1996 1186 2060 etiam
1207 1996 1305 2062 innu·
1353 2049 1357 2055 .

176 2107 273 2173 meris
301 2108 380 2172 locis
409 2104 503 2171 simili
530 2104 625 2169 modo
657 2110 854 2189 usurpantur
876 2106 961 2172 ‘fors’
984 2113 1017 2172 et
1038 2107 1160 2173 ‘casus'.
1204 2108 1305 2174 Certe

178 2221 284 2304 gravis
306 2224 357 2285 est
378 2216 524 2302 quaestio
540 2222 649 2281 utrum
665 2238 718 2283 res
731 2216 812 2282 fiant
827 2218 952 2284 ratione
970 2218 1120 2300 auferte,
1140 2220 1304 2303 quomodo

177 2333 262 2398 inter
292 2353 326 2397 se
357 2329 508 2395 differant
537 2328 668 2394 fortune
697 2334 730 2394 et
759 2328 896 2395 felicitas
929 2329 982 2415 (cf.
1005 2331 1081 2396 XXI
1106 2336 1154 2396 16.
1178 2336 1233 2397 13:
1255 2338 1307 2398 ‘ut

178 2444 301 2510 Tullius
323 2442 482 2507 docet...
492 2462 634 2524 :neque
665 2441 748 2506 enim
772 2443 944 2526 quicquam
974 2442 1061 2508 aliud
1084 2448 1133 2509 est
1154 2444 1306 2525 felicitas,

177 2556 296 2639 inquit,
326 2555 388 2620 nisi
416 2553 623 2619 honestarum
653 2575 760 2618 rerum
789 2556 1025 2639 prosperitas.
1036 2555 1232 2621 ..felicitas
1254 2562 1308 2622 est

178 2668 243 2733 fort
229 2674 308 2732 tuna
330 2666 472 2731 adiutrix
487 2666 691 2731 consiliorum
706 2665 872 2747 bonorum,
895 2666 1012 2750 quibus
1034 2668 1089 2751 qui
1110 2688 1174 2733 non
1189 2667 1306 2748 utitur,

179 2779 256 2845 felix
278 2800 348 2844 esse
361 2778 449 2843 nullo
471 2783 548 2862 pact
550 2799 568 2842 o
582 2783 639 2861 po
641 2799 674 2843 es
675 2778 720 2862 t’.)
764 2778 897 2843 Sedeas
913 2779 1129 2861 quaestiones,
1150 2779 1306 2863 quoniam

179 2913 243 2956 non
265 2890 307 2956 ad
328 2902 487 2971 nostram,
518 2910 601 2973 quae
624 2895 673 2955 est
659 2889 739 2955 tde
760 2889 857 2955 rebus
880 2890 1047 2972 divinis,
1076 2891 1134 2956 sed
1155 2891 1198 2956 ad
1220 2891 1304 2956 ethi·

181 3025 239 3069 cen
260 3003 432 3087 pertinent,
454 3001 507 3067 hic
528 3002 702 3067 mittamus.

283 3115 346 3180 Sed
367 3116 556 3199 priusquam
578 3114 617 3179 de
645 3118 806 3199 potestate
828 3115 953 3198 agimus
975 3135 1072 3199 quam
1092 3115 1207 3180 tribuit
1227 3115 1306 3181 Am·

181 3228 307 3293 mianus
335 3226 541 3293 Marcellinus
568 3226 652 3306 fato,
677 3226 716 3292 de
740 3226 946 3308 divinatione,
982 3227 1100 3311 quippe
1128 3248 1212 3311 quae
1234 3233 1308 3293 arte

182 3339 355 3405 cohaereat
376 3359 448 3404 cum
470 3338 547 3419 fato,
569 3338 711 3404 breviter
728 3338 822 3404 nobis
843 3343 892 3404 est
913 3339 1091 3405 dicendum.

283 3451 418 3517 Constat
439 3452 642 3517 Ammianum
663 3472 813 3535 magnam
835 3450 931 3515 fidem
955 3451 1111 3532 oraculis,
1141 3450 1304 3517 ominibus

181 3563 355 3649 portentis,
382 3562 561 3649 praesagiis
588 3563 775 3630 attribuere.
819 3563 964 3647 Longum
993 3569 1043 3630 est
1064 3584 1175 3629 omnes
1205 3562 1307 3644 locos,

287 3814 312 3882 1)
331 3812 409 3868 Dicit
419 3811 671 3869 Teuffel-Schwabe
684 3831 710 3884 p.
725 3815 804 3867 1093:
825 3812 867 3868 ‘In
888 3813 938 3869 der
951 3812 1132 3885 Hauptsache
1149 3811 1226 3867 lenlrt
1239 3811 1308 3866 alles

183 3900 295 3956 fortuna
318 3899 386 3955 oder
413 3900 515 3954 fatum’.
557 3899 702 3955 Nescimus
728 3904 820 3954 utrum
844 3901 983 3955 fortunam
1009 3900 1088 3955 deam
1112 3900 1187 3954 dicat
1211 3899 1308 3967 (quam

183 4004 213 4040 re
239 4003 304 4041 vera
330 4004 390 4040 esse
415 3985 591 4041 Ammianum
614 4005 671 4042 non
695 3985 844 4041 credidisse
869 4003 952 4056 supra
976 3985 1246 4052 demonstravimus),
1271 4002 1308 4039 an

183 4073 307 4127 fortunas
333 4072 351 4125 i.
364 4090 386 4126 e.
405 4074 501 4143 genios
521 4073 579 4143 (qui
604 4072 735 4125 mundum
761 4088 857 4142 rogere
883 4072 958 4125 nullo
982 4072 1064 4125 modo
1090 4071 1146 4126 dici
1169 4072 1309 4143 possunt),

184 4177 219 4212 an
242 4159 394 4228 fortunam,
419 4159 533 4229 fortem,
559 4176 665 4227 casum,
695 4158 751 4213 ‘das
771 4157 878 4213 Gluok’.
913 4158 992 4213 Haec
1016 4162 1109 4212 autem
1126 4158 1250 4226 fortuna,
1279 4157 1310 4212 id

185 4244 358 4322 quodmodo
377 4245 502 4319 diximus,
522 4247 562 4306 ita
585 4264 648 4302 cum
671 4245 727 4302 lato
746 4246 875 4320 componi
895 4250 978 4319 atque
995 4243 1150 4315 comparari
1167 4243 1274 4314 nequit
