2956 4950
629 460 671 472 ..
715 425 843 490 43...

277 595 383 660 Etiam
406 594 492 678 quod
513 595 671 660 iustitiam
681 595 707 680 1)
733 596 862 680 saepius
894 601 931 661 ut
957 617 1129 681 personam
1152 601 1301 681 agentem

175 708 254 773 facit
275 707 471 786 Ammianus,
494 707 575 771 nihil
594 707 794 774 demonstrat
815 708 876 775 nisi
899 708 983 774 forte
1006 729 1079 774 eum
1101 730 1228 790 numen,
1249 709 1301 775 vel

174 820 315 904 regimen
336 819 447 885 mundi
467 819 588 885 iustum
610 826 707 904 atque
729 841 867 904 aequum
887 820 1049 887 habuisse.

275 1044 398 1124 Restat,
421 1048 458 1109 ut
474 1043 514 1109 de
533 1044 651 1127 genio
668 1043 874 1110 Fortunae
888 1044 1068 1128 loquamur.
1114 1044 1177 1111 Sed
1194 1047 1299 1130 prius·

176 1177 273 1239 quam
303 1155 345 1220 ad
375 1176 447 1220 eum
479 1156 670 1236 transimus,
703 1155 852 1222 addenda
881 1157 975 1223 nobis
1007 1162 1082 1223 sunt
1114 1178 1221 1242 pauca
1254 1159 1300 1225 de

174 1267 297 1334 verbo
322 1268 481 1332 fortunae.

276 1379 348 1445 Non
378 1380 481 1445 solum
509 1400 568 1444 nos
598 1379 661 1463 ipsi
690 1381 789 1445 vitam
817 1386 963 1446 nostram
985 1381 1191 1447 destinamus.
1236 1382 1301 1448 Na·

174 1493 293 1559 scimur
314 1492 382 1557 sine
403 1496 515 1557 nostra
546 1512 645 1576 opera
674 1497 707 1557 et
734 1492 898 1558 morimur.
941 1494 1048 1576 Atque
1071 1493 1229 1577 quidquid
1251 1493 1267 1558 f
1286 1529 1299 1542 ·

175 1605 293 1682 cimus,
321 1625 445 1683 rerum,
476 1605 509 1668 in
538 1604 654 1687 quibus
682 1626 806 1685 sumus,
836 1605 921 1670 ratio
949 1605 1042 1671 nobis
1070 1605 1221 1673 habenda
1244 1611 1301 1672 est.

175 1715 238 1783 Sed
268 1717 418 1799 quoniam
448 1715 519 1781 fieri
549 1737 614 1781 non
640 1721 764 1800 potest,
796 1717 892 1783 utin
920 1717 1068 1783 omnibus
1097 1739 1182 1802 quae
1208 1718 1302 1784 nobis

173 1828 400 1912 proposuimus
429 1849 539 1893 omnes
567 1829 749 1894 noverimus
779 1850 910 1910 causas,
940 1831 1139 1896 extrinsecus
1174 1851 1302 1915 semper

164 1929 308 2005 'consilia
329 1945 441 2005 nostra
464 1946 521 2005 aut
534 1941 685 2006 iuvantur
698 1945 756 2006 aut
771 1940 994 2025 prohibentur.
1037 1943 1152 2026 Itaque
1168 1941 1300 2008 credere

174 2053 318 2136 cogimur
339 2056 432 2117 extra
453 2073 511 2118 nos
532 2073 601 2118 esse
623 2057 801 2136 potestates
826 2054 992 2137 quasdam,
1024 2076 1108 2138 quae
1129 2054 1223 2120 nobis
1244 2058 1302 2120 aut

173 2165 300 2249 prosint
328 2169 385 2229 aut
406 2170 553 2230 noceant.
598 2166 685 2245 Quas
710 2171 907 2250 potestates,
939 2169 1005 2233 sive
1035 2166 1238 2232 condiciones
1268 2171 1301 2232 et

173 2298 226 2343 res
247 2297 317 2343 esse
338 2282 499 2360 putamus,
518 2299 579 2361 per
600 2299 681 2362 quas
702 2278 769 2344 vita
788 2283 900 2344 nostra
921 2279 1118 2360 destinatur,
1141 2280 1208 2345 sive
1227 2299 1301 2363 per·

174 2410 269 2454 sonas
290 2394 410 2454 'certas
448 2388 588 2470 divinas,
621 2411 686 2455 uno
722 2391 849 2456 nomine
878 2391 1095 2476 appellamus:
1128 2392 1300 2457 fortunam.

174 2503 236 2566 Per
257 2501 421 2567 fortunam
441 2503 541 2585 igitur
561 2501 712 2567 dicuntur
734 2507 767 2568 et
787 2524 928 2588 eaquae
951 2505 1103 2571 accidunt
1123 2504 1217 2570 nobis
1236 2525 1300 2569 non

173 2635 232 2699 per
253 2635 312 2679 nos
334 2613 391 2679 sed
415 2614 543 2679 aliunde
566 2618 599 2679 et
617 2615 701 2681 vires
723 2635 781 2680 eae
803 2636 887 2698 quae
912 2623 1005 2682 extra
1026 2638 1085 2683 nos
1107 2621 1190 2683 sunt.

276 2726 371 2810 Apud
400 2727 603 2792 Ammianum
628 2727 703 2793 illae
736 2726 883 2794 notiones
914 2729 1115 2812 aliquantum
1148 2728 1300 2794 confusae
1371 2789 1374 2793 ,

173 2841 387 2905 inveniuntur.
431 2838 578 2923 Exempli
600 2839 706 2924 gratia
728 2840 802 2905 XIV
826 2845 874 2905 11.
898 2845 937 2907 29
969 2841 1076 2907 verbis
1106 2845 1299 2925 ‘assumptus

173 2952 207 3017 in
230 2951 462 3035 amplissimum
483 2951 633 3017 fortunae
655 2951 830 3035 fastigium’
858 2953 943 3019 inest
972 2953 1061 3018 notio
1087 2953 1236 3019 fortunae
1257 2985 1301 3007 =

173 3064 278 3130 bonae
301 3062 505 3143 condicionis,
528 3084 636 3128 rernm
658 3064 887 3148 secundarum3
910 3065 967 3131 sed
989 3066 1076 3150 quod
1097 3065 1205 3151 pergit
1225 3066 1300 3130 Am·

174 3175 315 3241 mianus:
338 3173 523 3240 ‘versabiles
544 3176 613 3242 eius
635 3183 740 3243 motus
753 3184 905 3262 expertus
928 3183 986 3259 est,
1009 3179 1065 3263 qui
1082 3178 1198 3244 ludunt
1214 3197 1299 3242 mor·

173 3288 334 3353 talitatem
439 3290 537 3374 §302
571 3287 653 3354 haec
687 3288 819 3356 fortuna
855 3291 1020 3357 mutabilis
1051 3297 1084 3356 et
1113 3292 1300 3356 inconstans

174 3400 252 3466 fecit
282 3399 339 3464 ...’
370 3438 412 3447 -
440 3399 646 3466 manifestum
676 3408 725 3467 est
754 3423 827 3466 eum
856 3401 896 3466 de
926 3402 1057 3468 fortuna
1086 3407 1123 3467 ut
1150 3422 1299 3486 persona,

174 3512 236 3578 dea
265 3510 421 3591 fortasse,
454 3513 606 3596 cogitare.
657 3515 759 3578 Porro
785 3512 825 3578 de
851 3513 925 3578 XIV
954 3521 982 3580 6.
1016 3520 1034 3580 3
1070 3515 1195 3599 (‘virtus
1225 3535 1300 3580 con·

172 3624 261 3690 venit
283 3627 381 3706 atque
410 3623 540 3690 fortuna
567 3625 756 3709 plerumque
787 3624 1002 3710 dissidentes’)
1029 3626 1115 3692 idem
1145 3626 1300 3692 iudicium

173 3736 282 3802 facere
305 3734 458 3801 debemus
488 3757 526 3802 ac
554 3737 649 3802 modo
678 3737 718 3802 de
747 3737 890 3803 ‘iustitia'
916 3738 1065 3805 fecimus:
1097 3737 1178 3803 haec
1200 3738 1301 3803 verba

174 3853 249 3913 sunt
269 3847 451 3913 tumidioris
473 3849 637 3930 sermonis,
660 3870 723 3932 quo
745 3869 797 3914 res
819 3854 857 3915 ut
877 3871 1035 3934 personae
1058 3855 1190 3935 agentes
1208 3848 1298 3915 fiunt.

276 4057 303 4123 2)
322 4054 365 4109 De
384 4054 495 4110 Iustitia
512 4055 547 4109 cf.
564 4053 654 4109 XXII
672 4058 695 4109 3.
714 4059 745 4124 ⁷3
771 4059 810 4110 10.
829 4059 846 4111 6
864 4082 897 4101 =
913 4055 998 4111 XXV
1014 4060 1040 4112 4.
1060 4061 1106 4125 193
1130 4054 1299 4111 XXVIII6

174 4146 205 4210 1;
222 4139 322 4195 XXXI
342 4142 381 4196 16.
400 4144 432 4209 73
457 4141 537 4211 vigor
554 4140 682 4196 Iustitiae
706 4141 790 4196 XXX
807 4145 832 4196 2.
850 4147 882 4211 93
909 4144 1005 4198 oculus
1020 4143 1148 4198 Iustitiae
1165 4141 1300 4198 XXVIII

174 4230 198 4282 6.
216 4228 265 4295 253
283 4225 383 4280 XXIX
401 4229 426 4281 2.
445 4228 485 4281 20.
522 4226 603 4296 Quod
622 4233 715 4283 autem
738 4229 774 4282 ad
791 4227 864 4284 XIV
882 4231 921 4283 11.
940 4230 974 4283 25
998 4230 1052 4284 vid.
1071 4247 1141 4303 quae
1158 4229 1300 4288 adnotavi·

173 4331 234 4368 mus
252 4332 280 4384 p.
295 4315 337 4367 40.
