2956 4950
212 1281 404 1395 Ammianus
427 1269 633 1364 Marcellinus
664 1281 771 1364 rerum
799 1301 891 1405 gest
873 1294 963 1394 eruin
899 1221 1083 1364 &libros
1106 1294 1248 1384 scripsit

73 1398 75 1402 ’
111 1415 160 1492 31
185 1431 323 1504 quornm
341 1389 460 1476 serrati
479 1405 561 1477 sunt
571 1416 608 1477 18
625 1411 797 1491 novissimi,
820 1386 936 1495 quilius
954 1404 1138 1477 tractantur
1159 1413 1235 1476 anni

110 1523 152 1588 ab
180 1529 241 1590 353
273 1543 375 1606 usque
403 1523 446 1588 ad
472 1544 590 1589 annum
618 1524 746 1608 pugnae
773 1523 859 1608 apud
885 1523 1125 1625 Adrianopolim
1149 1544 1234 1590 com·

109 1636 237 1716 missae,
259 1640 330 1701 378.
373 1636 421 1700 De
443 1635 511 1700 vita
531 1635 689 1700 Ammiani
701 1641 841 1737 praeter
863 1656 910 1716 ea,
934 1656 1017 1720 quae
1040 1638 1080 1701 ιιι
1096 1637 1179 1720 epist
1165 1638 1235 1702 tulo

109 1747 246 1827 Libanii‚
269 1747 364 1812 amici
387 1746 463 1827 eius
486 1746 633 1811 concludi
655 1752 798 1831 possunt,
776 1748 863 1813 tab
884 1748 956 1813 aliis
978 1731 1060 1812 nihil
1078 1734 1194 1814 tradit
1165 1753 1234 1814 tum

109 1865 225 1925 exstat.
277 1859 348 1924 Hoc
376 1864 448 1923 tant
448 1880 502 1922 um
530 1864 657 1923 constat
685 1864 797 1924 natum
826 1880 898 1924 eum
927 1863 991 1924 Ant
991 1858 1117 1926 iochiae
1146 1868 1234 1946 post-

110 1992 207 2055 quam
228 1975 303 2036 ante
326 1975 387 2036 353
417 1971 451 2034 in
479 1951 625 2035 ordinem
652 1971 876 2064 Protectorum
906 1971 1162 2037 Domesticorum
1184 1994 1234 2039 ιι-

109 2089 221 2167 ceptus
238 2073 356 2148 multus
381 2102 481 2147 annos
501 2082 651 2147 militavit
673 2083 794 2148 Romae
817 2080 908 2148 annis
922 2083 1050 2148 circiter
1066 2089 1233 2151 390-395

27 2224 30 2230 ·
107 2195 260 2261 historias
283 2215 358 2261 suas
379 2177 508 2279 publice
525 2195 720 2260 recitavisae.
765 2195 807 2259 Et
825 2195 906 2260 vixit
926 2196 1027 2279 igitur
1050 2200 1083 2261 et
1104 2197 1235 2280 scripsit

108 2308 295 2373 Ammianus
317 2314 462 2390 tempore
485 2328 548 2391 qno
571 2290 747 2373 christiana
768 2312 881 2372 nostra
900 2308 1016 2391 religio
1037 2309 1135 2391 paulo
1159 2314 1234 2374 ante

108 2441 128 2485 a
152 2419 360 2485 Constantino
387 2419 516 2503 publice
538 2418 678 2503 probata
700 2419 836 2502 paganis
864 2419 987 2485 frustra
1022 2420 1234 2486 renitentibus

108 2531 266 2597 dominari
287 2536 385 2615 atque
408 2530 611 2596 adversarias
633 2550 767 2614 prorsus
784 2532 965 2615 opprimere
985 2533 1099 2616 coepit.
1144 2532 1234 2598 Duae

108 2649 216 2709 autem
242 2643 276 2707 in
305 2643 418 2727 primis
447 2663 500 2708 ιιι
527 2642 622 2708 huius
645 2643 762 2708 aetatis
783 2642 943 2708 notabiles
965 2648 1054 2708 sunt:
1087 2643 1234 2709 christia·

107 2776 221 2820 norum
244 2754 284 2819 de
305 2754 459 2820 doctrinis
490 2755 679 2838 dogmaticis
701 2755 878 2819 certamina
900 2776 972 2820 cum
994 2755 1149 2820 aliatum
1171 2754 1235 2821 dia-

110 2867 244 2932 crimina
266 2867 351 2932 inter
374 2867 511 2931 Arianos
534 2872 567 2931 et
581 2865 819 2932 Athanasianos
841 2871 875 2932 ιι
888 2887 1088 2951 paganorum
1104 2866 1234 2932 Juliano

108 2979 189 3044 duce
210 2979 342 3044 ultimus
359 2978 530 3044 resistendi
547 2983 690 3043 conatus.
735 2979 822 3058 Quas
837 2978 937 3061 igitur
952 2979 1137 3044 Ammianus
1158 3000 1233 3064 par·

109 3096 158 3156 tes
190 3095 319 3155 secutus
349 3090 405 3171 sit,
442 3090 520 3174 qnid
542 3090 670 3155 omnino
701 3089 860 3155 derebus
894 3090 1009 3156 divinis
1035 3091 1234 3172 iudicaverit,

109 3223 265 3287 quaerere
287 3207 319 3267 et
339 3202 418 3267 utile
442 3207 490 3267 est
512 3207 545 3267 et
565 3202 749 3267 iucundum.

211 3315 410 3398 Quicumque
431 3315 492 3378 viri
515 3314 602 3379 docti
625 3314 665 3379 de
687 3314 754 3379 vita
776 3313 845 3379 ιιιιι
863 3313 1085 3397 cognoscenda
1103 3335 1249 3399 operam

109 3427 282 3507 dederunt,
313 3447 368 3491 eos
391 3426 519 3510 saepius
548 3426 590 3490 ad
612 3427 812 3491 coniecturas
841 3425 1022 3510 confugisse
1050 3447 1114 3491 non
1135 3426 1234 3492 habe·

108 3561 179 3605 mus
207 3539 293 3623 quod
325 3538 495 3603 miremur:
532 3537 618 3621 quod
644 3558 720 3602 vero
753 3538 792 3602 de
822 3539 950 3622 ingenio
980 3559 1108 3622 quoque
1139 3538 1235 3621 quale

108 3651 207 3717 fuerit
228 3651 278 3716 ιιι
300 3649 403 3735 magis
422 3652 454 3715 in
478 3650 621 3715 diversas
649 3654 759 3734 partes
782 3648 948 3731 abierunt,
976 3650 1056 3715 illud
1078 3671 1156 3715 sans
1176 3651 1234 3715 mi·

109 3763 246 3829 randum
268 3768 324 3828 ιιι.

211 3874 303 3952 Nam,
325 3880 362 3939 ut
384 3879 573 3955 ceterorum,
595 3873 651 3958 qui
676 3879 773 3940 antea
793 3874 943 3955 fuerunt,
965 3875 1140 3940 sententias
1162 3875 1234 3940 mit·

108 3989 271 4073 tamus1),
302 3986 503 4071 Οιιιιιιιι)
533 3986 704 4052 videbatur
733 3986 796 4052 sibi
826 3991 987 4052 certamen
1010 3987 1057 4051 sic
1079 3986 1234 4051 diiudica-

212 4177 239 4246 1)
258 4175 332 4245 Quas
348 4175 441 4229 videas
459 4174 533 4245 apud
551 4174 672 4229 Oartinm
691 4194 719 4246 p.
736 4177 779 4229 24.

210 4264 238 4333 2)
256 4262 349 4318 Gnil.
375 4261 436 4316 Ad.
455 4261 563 4315 Cart:
590 4260 771 4330 quaestiones
794 4260 989 4328 Amminneae,
1015 4260 1173 4315 dissertatio
1196 4262 1235 4315 in·

110 4365 171 4420 ang.
191 4348 377 4403 Berolinensis
396 4350 469 4402 1868.
1014 4431 1029 4463 *

994 4436 1008 4486 l
