2956 4950
548 413 762 489 ..55-

95 596 150 679 qui
172 596 236 660 huc
258 599 406 679 spectant
429 612 617 663 enumerare
640 597 798 679 (exstant,
821 594 853 658 ni
875 592 971 658 fallor
995 591 1085 675 108'l)
1114 607 1218 674 neque

63 743 65 747 v
95 729 175 793 opus
198 714 248 773 est
265 707 356 773 varia
383 707 625 790 praesagiorum
657 711 690 771 et
710 706 936 790 ⁴prodigiorum
965 724 1091 788 genera
1112 702 1219 786 perlu-

95 825 200 886 strare
223 819 276 903 (cf.
298 840 381 902 quae
404 819 531 885 Gartius
554 807 632 883 dicit
652 840 683 902 p.
701 823 758 884 29:
781 823 827 882 ‘ut
848 817 939 882 brevi
958 817 1138 900 loquamur,
1160 835 1219 898 per

97 952 205 998 omnes
227 931 294 997 fere
316 951 368 996 res
390 931 531 996 Deorum
553 931 751 998 voluntatem
768 927 943 1013 significari
966 927 1077 1007 credit,
1100 947 1220 1010 easque

96 1043 192 1109 anxia
213 1048 246 1108 et
265 1043 380 1108 timida
402 1043 530 1109 cautela
551 1042 732 1126 observat').

196 1154 260 1220 Sed
291 1157 475 1239 quaerimus
502 1177 579 1220 num
615 1175 650 1218 re
686 1175 763 1220 vera
797 1153 971 1219 crediderit
1002 1151 1157 1236 prodigiis
1187 1155 1221 1216 et

97 1267 293 1352 praesagiis,
317 1274 414 1350 atque
437 1267 465 1332 si
486 1267 526 1332 iis
549 1266 702 1346 credidit,
732 1265 848 1348 quibus
869 1265 983 1331 divinis
1005 1262 1221 1348 potestatibus

99 1400 138 1444 ea
158 1379 319 1444 tribuerit.

197 1491 280 1556 lllud
302 1512 430 1574 quoque
453 1490 658 1557 Gimazanius
680 1495 778 1575 negat
798 1512 829 1573 p.
847 1494 927 1554 340:
958 1487 1112 1552 ‘Ammien
1134 1485 1220 1551 Mar·

97 1603 207 1684 cellin,
233 1604 347 1669 ancien
368 1603 476 1669 soldat
504 1608 537 1668 et
558 1605 730 1687 magistrat
761 1602 800 1667 de
822 1601 982 1684 l’empire‚
1014 1600 1137 1684 croyait
1158 1620 1222 1682 peu

97 1736 160 1780 aux
182 1714 353 1799 presagus,
373 1720 407 1780 et
427 1738 457 1800 p.
482 1721 542 1781 342
564 1723 627 1782 ‘ces
648 1715 785 1781 futilites
808 1720 881 1780 sont
899 1713 933 1778 la
954 1732 1074 1796 parure
1096 1709 1220 1794 obliges

97 1827 172 1893 d’un
192 1828 272 1893 livre
292 1827 374 1894 ecrit
396 1828 476 1894 dans
498 1829 528 1893 le
548 1829 621 1913 plus
644 1828 873 1912 superstitieux
896 1825 952 1892 des
976 1823 1145 1908 siecles'1).

217 1939 354 2005 Utamur
386 1941 498 2006 eodem
533 1946 721 2024 argumento
759 1960 823 2023 quc
852 1959 951 2022 supra
986 1937 1019 2001 in
1049 1936 1221 2002 tractando

51 2093 55 2097 ‚
98 2053 236 2132 numine,
250 2059 348 2135 atque
366 2052 530 2119 videamus
546 2075 631 2133 num,
654 2073 737 2137 quae
759 2051 919 2117 iudicat
934 2050 1129 2128 Ammianus,
1147 2069 1221 2113 con·

98 2168 215 2247 gruant
237 2186 309 2229 cum
331 2165 380 2246 iis,
403 2186 487 2248 quae
508 2170 659 2231 narrat.

199 2276 341 2342 Primum
364 2297 495 2362 operam
525 2299 599 2343 eum
625 2277 751 2343 dedisse
782 2276 953 2341 maximam
981 2272 1222 2357 cognoscendae

98 2389 162 2452 arti
184 2387 396 2454 divinatoriae
419 2391 580 2474 variisque
611 2390 679 2455 eius
703 2388 872 2473 generibus
894 2408 934 2453 ex
955 2385 1063 2452 XXIX
1088 2391 1114 2450 1.
1138 2389 1222 2451 29-

99 2501 324 2585 assequitur,
355 2502 411 2568 ubi
442 2523 539 2585 quam
570 2502 810 2567 accuratissime
832 2499 987 2566 describit
1008 2497 1223 2565 exorcismum

97 2613 259 2697 quendam
280 2613 412 2679 Patricii
433 2619 466 2680 et
488 2614 613 2680 Hilarii.
657 2615 697 2680 Se
718 2613 877 2698 portentis
897 2610 1028 2678 credere
1051 2610 1130 2676 dicit
1146 2610 1222 2674 XIX

101 2731 148 2792 12.
179 2730 220 2791 20
259 2731 444 2792 ‘nascuntur
487 2726 671 2792 huiusmodi
708 2746 805 2810 saepe
849 2729 1001 2810 portenta
1045 2723 1223 2789 indicantia

98 2859 207 2904 rernm
229 2839 392 2905 variarum
419 2845 567 2917 eventus,
598 2860 681 2922 quae
710 2840 861 2923 quoniam
894 2858 957 2903 non
986 2836 1158 2921 expiantur
1187 2841 1224 2900 ut

100 2951 186 3035 apud
222 2957 348 3017 veteres
382 2951 526 3036 publice,
560 2951 706 3017 inaudita
738 2954 946 3035 praetereunt
977 2955 1010 3014 et
1041 2945 1223 3032 incognita'.

99 3062 211 3129 Nonne
242 3065 341 3129 etiam
366 3064 461 3148 plura
490 3084 587 3147 quarn
615 3064 685 3148 ipse
714 3068 940 3129 commemoret
963 3066 1115 3146 portenta
1134 3059 1224 3125 nasci

100 3175 207 3242 dicere
229 3177 379 3242 videtur?
422 3175 542 3240 Tamen
570 3197 634 3241 non
663 3196 778 3242 caecus
805 3176 911 3241 omnia
940 3194 1023 3259 quae
1050 3172 1224 3238 traduntur

101 3288 229 3372 excipit,
252 3289 308 3354 sed
329 3289 488 3354 rationem
517 3288 675 3355 admittit:
704 3287 763 3353 XV
786 3294 814 3354 5.
838 3293 896 3353 34:
926 3287 1047 3352 Romae
1076 3285 1110 3349 in
1132 3283 1224 3349 Circo

100 3402 239 3466 maximo
262 3401 399 3485 populus
422 3402 661 3468 exclamaverat
685 3400 842 3466 ‘Silvanus
868 3400 1013 3465 devictus
1035 3397 1102 3477 est’,
1125 3401 1224 3480 atquc

101 3515 287 3578 Ammianus
318 3513 462 3580 dubitat:
491 3514 659 3581 ‘incertum
688 3514 814 3580 ratione
844 3512 985 3596 quadam
1012 3510 1156 3596 percitus
1184 3529 1226 3573 an

99 3625 290 3711 praesagro'.

204 3877 230 3946 l)
250 3875 354 3930 Mirum
372 3880 415 3931 est
431 3876 485 3930 hcc
497 3875 604 3931 ‘ancien
623 3874 714 3930 soldat
730 3879 760 3930 et
771 3873 915 3944 magdstrat
931 3874 965 3929 de
977 3868 1118 3942 l’empire’.
1152 3869 1225 3924 Nam

101 3963 202 4017 milites
219 3980 309 4017 nonne
327 3962 512 4032 superstitiosi
535 3960 632 4016 erant?
665 3961 760 4031 Atque
786 3962 809 4016 si
835 3979 890 4015 non
914 3962 1042 4028 fuissent,
1065 3975 1132 4013 num
1155 3957 1225 4011 tales

101 4049 270 4103 adiectiones
288 4052 353 4102 sunt
369 4048 551 4119 argumenta?
585 4047 682 4117 Neque
694 4048 791 4102 melius
808 4042 902 4118 pergit
918 4047 1001 4102 horno
1016 4047 1130 4101 doctus:
1149 4044 1225 4097 ‘dans

100 4133 127 4188 le
146 4135 208 4204 plns
225 4135 422 4204 superstitienx
447 4135 495 4189 des
522 4134 635 4190 siecles’.
670 4132 742 4188 Nam
767 4153 799 4190 ea
822 4135 857 4189 de
881 4151 964 4189 causa
988 4133 1062 4204 quod
1085 4131 1226 4186 saeculum

102 4238 156 4290 quo
176 4221 229 4275 fuit
245 4220 408 4275 Ammianus
433 4221 675 4291 superstitionibus
703 4221 755 4275 fuit
779 4221 917 4290 deditum,
941 4221 1001 4291 ipse
1029 4221 1149 4291 scriptor
1167 4219 1225 4273 eius

102 4306 204 4363 meruli
223 4306 341 4363 formare
357 4324 414 4363 nou
431 4307 640 4378 superstitiosus
656 4305 737 4363 erat?
