2956 4950
640 432 853 492 ..57-

180 615 310 679 semper
335 601 367 662 et
389 597 509 680 ubique
529 600 637 680 vigens
657 619 697 664 ex
719 599 785 678 his,
808 619 891 681 quae
913 619 972 682 per
994 599 1180 682 disciplinas
1203 603 1309 666 varias

182 707 400 788 adfectamus,
429 711 606 793 participat
640 711 808 776 uobiscum
844 731 978 776 munera
1008 711 1180 776 divinandi
1212 719 1310 796 atque
1352 709 1353 712 ’

179 821 254 904 §11
280 821 338 886 ‘sol
362 823 456 899 enim,
479 828 515 886 ut
530 823 621 887 aiunt
636 823 768 907 physici,
792 845 881 888 mens
899 822 1019 901 mundi,
1042 832 1170 888 nostras
1186 831 1309 890 mentes

183 953 223 997 ex
248 955 318 999 sese
342 933 430 998 velut
452 935 608 999 scintillas
631 934 854 1014 diffunditans,
883 956 956 999 cum
979 955 1034 999 eas
1056 936 1236 1002 incenderit
1257 959 1309 1003 ve·

179 1043 377 1124 hamentius‚
400 1045 501 1111 futuri
524 1047 670 1111 conscias
692 1047 817 1112 reddit'.
861 1047 982 1111 Tamen
1011 1048 1041 1112 ei
1063 1047 1125 1111 hae
1151 1047 1308 1115 definitio·

177 1178 238 1222 nes
260 1179 323 1222 non
348 1157 512 1237 videntur,
541 1160 574 1222 in
603 1179 714 1223 sucum
746 1159 839 1241 quasi
868 1164 901 1224 et
922 1161 1111 1242 sauguinem
1133 1163 1308 1227 transiisse.

181 1269 296 1335 Melius
323 1270 402 1334 dicit
431 1272 541 1353 genios
571 1270 704 1353 singulis
733 1270 843 1335 futura
874 1271 1028 1355 prodere:
1059 1271 1135 1335 XXI
1158 1294 1227 1356 cap.
1253 1280 1308 1355 143

177 1387 352 1465 praeterea
374 1382 451 1447 XXI
475 1389 502 1447 1.
525 1387 544 1446 8
567 1390 609 1447 ‘et
638 1382 867 1447 substantiales
893 1389 1072 1466 potestates
1094 1385 1161 1449 ritu
1182 1384 1309 1450 diverso

179 1493 345 1578 placatae,
368 1495 455 1559 velut
478 1515 517 1559 ex
539 1495 703 1578 perpetuis
725 1493 862 1558 fontium
881 1497 979 1573 venis,
1002 1497 1142 1560 vaticina
1164 1497 1309 1562 mortali·

175 1608 241 1671 tati
263 1607 470 1690 suppeditant
491 1606 616 1686 verba'3
640 1612 673 1670 et
695 1606 769 1670 XIV
794 1612 842 1670 11.
864 1611 904 1671 25
928 1606 1108 1690 ‘(Nemesis)
1200 1609 1250 1672 vel
1272 1616 1309 1674 ut

177 1717 336 1783 definiunt
357 1718 413 1782 alii
435 1717 658 1783 substantialis
680 1716 782 1782 tutela
804 1718 946 1800 generali
968 1719 1113 1802 potentia
1134 1720 1307 1803 partilibus

176 1830 367 1914 praesidens
389 1829 484 1894 fatis'.
1282 1895 1284 1900 .

283 1945 309 2006 A
331 1941 391 2006 deo
405 1943 506 2024 igitur
521 1942 570 2006 vel
594 1963 614 2006 a
636 1943 737 2025 geniis
752 1942 844 2007 nobis
860 1963 929 2006 sors
944 1949 1056 2007 nostra
1077 1945 1306 2009 nuntiatur.

180 2053 242 2118 Sed
267 2075 287 2118 a
309 2075 372 2136 quo
395 2054 655 2118 destinatur?
700 2057 805 2137 Atque
836 2075 909 2118 cum
935 2053 1004 2118 fata
1026 2054 1076 2119 vel
1097 2054 1200 2120 fatum
1222 2056 1307 2121 banc

175 2172 315 2245 sortem,
345 2167 449 2249 legem
478 2167 563 2231 vitae
584 2167 743 2231 nominari
766 2187 865 2250 supra
886 2165 1073 2245 viderimus,
1097 2187 1193 2249 quam
1215 2176 1306 2252 pote·

180 2284 297 2344 statem
319 2279 435 2343 tribuit
459 2279 645 2343 Ammianus
667 2277 759 2342 fato?
780 2316 823 2326 -

281 2391 359 2456 Cum
381 2411 445 2455 nou
465 2391 529 2454 iam
552 2391 735 2473 ignoremus
755 2411 849 2455 usum
868 2391 936 2454 eius
954 2389 1091 2468 dicendi,
1114 2390 1209 2455 facile
1232 2413 1307 2456 cou-

175 2502 321 2567 cedimus
345 2524 418 2567 eum
442 2502 512 2567 fata
533 2523 597 2566 non
616 2522 773 2586 personas
802 2502 955 2567 habuisse
981 2509 1079 2585 atque
1101 2502 1204 2578 fatum
1226 2503 1307 2569 illud

175 2641 208 2681 oa
232 2614 311 2678 nihil
333 2614 421 2679 aliud
444 2635 515 2679 esse
544 2635 583 2679 ac
612 2614 745 2680 fatalem
768 2615 922 2679 ordinem.
967 2614 1031 2679 Sed
1061 2635 1137 2678 num
1169 2614 1307 2680 credidit

174 2727 278 2790 uitam
301 2732 444 2791 nostram
474 2726 536 2791 hoc
565 2724 657 2791 fatali
688 2726 799 2791 ordine
831 2726 1009 2790 destinari?
1053 2725 1156 2791 Certe.
1201 2729 1306 2810 Atque

178 2843 215 2904 ut
235 2837 269 2902 id
292 2837 547 2903 demonstremus
577 2837 716 2905 sufficiet
744 2838 832 2903 locos
862 2837 934 2902 illos
966 2859 1046 2921 quos
1076 2839 1140 2902 iam
1167 2859 1304 2904 comme·

178 2951 372 3015 moravimus
399 2951 460 3015 tibi
491 2952 524 3014 in
555 2957 694 3016 mentem
723 2971 893 3024 revocare,
928 2970 1063 3033 quorum
1092 2952 1301 3016 universitate

173 3063 327 3127 commoti
350 3063 457 3127 iacere
480 3083 543 3127 non
562 3083 732 3145 possumus
754 3063 831 3144 quin
846 3063 1047 3127 Ammianum
1069 3061 1181 3145 ‘legem
1205 3083 1305 3145 quau·

173 3173 252 3239 dam
275 3174 368 3239 vitee'
391 3195 449 3239 nos
469 3175 616 3239 comitari
637 3173 812 3239 credidisse
833 3173 986 3237 dicamus.

280 3286 314 3352 Si
344 3286 587 3371 complectimur
616 3292 714 3368 atque
743 3286 962 3369 componimus
995 3304 1079 3367 quae
1108 3284 1147 3349 de
1176 3287 1305 3351 numine

173 3404 210 3462 >et
234 3397 274 3462 de
295 3397 363 3462 fato
386 3399 615 3482 comperimus,
646 3397 789 3462 videmus
812 3402 845 3461 et
866 3417 982 3461 numen
1005 3402 1038 3460 et
1059 3395 1179 3476 fatum,
1210 3397 1305 3463 ambo

176 3486 261 3574 inter
288 3530 322 3574 se
350 3509 531 3589 simillima,
561 3510 715 3575 mundum
745 3514 777 3573 et
806 3508 951 3573 homines
976 3528 1097 3591 regere.
1146 3508 1303 3574 Neutrum

175 3626 285 3686 tamen
306 3621 490 3686 accuratius
511 3627 610 3705 atque
633 3623 751 3687 clarius
776 3619 944 3698 definitur,
974 3619 1031 3684 sed
1052 3627 1141 3684 amat
1163 3622 1302 3686 Ammia-

88 3769 90 3775 ·
176 3754 236 3797 nus
259 3733 368 3816 potius
398 3734 462 3797 vim
490 3753 601 3798 eorum
631 3739 729 3816 atque
758 3733 901 3797 actiones
924 3752 1175 3797 commemorare
1198 3752 1304 3815 quam,

176 3850 213 3908 ut
243 3865 472 3928 personarum,
499 3851 648 3910 naturam
679 3843 871 3909 describere.
915 3843 1030 3926 Itaque
1059 3845 1092 3907 in
1120 3839 1304 3910 universum

175 3963 209 4020 et
228 3954 331 4021 fatum
354 3963 386 4021 et
415 3978 532 4022 numen
563 3957 592 4022 ei
622 3963 697 4022 sunt
725 3977 788 4021 nou
817 3963 884 4020 tam
915 3975 1072 4039 personae
1102 3956 1152 4021 vel
1175 3957 1304 4022 nomina

175 4069 318 4152 propria,
340 4068 397 4133 sed
419 4069 561 4152 regimen
581 4068 743 4151 quoddam
765 4067 885 4133 mundi.
929 4069 1035 4149 Atque
1058 4088 1130 4133 cum
1152 4068 1303 4134 memine-

175 4180 237 4259 ris,
268 4200 351 4263 quae
382 4201 480 4264 supra
516 4180 670 4245 diximus:
706 4201 743 4245 eo
779 4178 866 4264 quod
895 4179 1082 4244 Ammianus
1111 4187 1177 4244 tam
1206 4200 1304 4264 saepe

174 4291 336 4358 Iustitiam
374 4291 468 4357 deam
502 4300 744 4372 commemoret,
789 4312 862 4356 eum
891 4289 1067 4372 ‚ostendere
1106 4312 1140 4356 se
1183 4292 1302 4357 iustum

1081 4396 1097 4448 5
