2956 4950
636 409 850 480 ...fla-e

172 585 273 666 tanti,
304 604 376 652 cum
408 590 535 652 constet
560 585 708 652 flammas
738 591 854 671 suapte
885 591 1005 652 natura
1033 584 1122 652 nullo
1151 585 1304 654 obstante

173 697 216 773 ad
236 698 387 765 sublimia
410 697 599 765 convolare'.

275 811 418 877 Primum
440 809 695 896 contemplemur
715 813 733 898 ᾖ
755 810 967 877 undecimam.
1010 810 1119 877 Facile
1135 810 1304 896 intellege-

173 943 244 990 mus
268 923 471 989 Ammianum
495 942 559 988 non
589 922 689 990 fuisse
717 943 816 989 unum
846 944 887 989 ex
913 923 977 988 illis
999 923 1215 1009 philosophis,
1245 925 1305 1008 qni

171 1036 345 1121 plurimum
375 1034 528 1102 valebant
554 1035 642 1120 apud
668 1035 838 1102 Iulianum.
881 1035 964 1101 Nam
992 1035 1055 1101 hoc
1083 1036 1189 1120 ipsum
1218 1036 1303 1102 ritu-

171 1154 275 1233 perat,
297 1147 386 1233 quod
406 1148 551 1215 lulianus
572 1147 708 1214 celerius
729 1148 858 1214 illorum
879 1148 1072 1214 sententiam
1095 1154 1225 1214 secutus
1250 1149 1303 1214 sit.

172 1260 265 1340 Quod
287 1280 327 1326 ex
349 1260 414 1327 alio
435 1280 564 1357 qnoque
585 1260 657 1326 loco
676 1260 797 1327 elucet:
821 1260 913 1326 XXII
936 1266 964 1325 7.
986 1265 1021 1325 3:
1044 1260 1227 1345 (nuntiatur
1247 1260 1303 1326 Iu-

171 1373 258 1438 hano
281 1372 397 1438 iudicis
427 1393 560 1438 munere
589 1372 749 1458 fungenti)
779 1381 829 1439 ‘ex
860 1372 937 1438 Asia
962 1370 1174 1457 philosophus
1200 1372 1305 1437 Maxi·

170 1506 259 1575 mus3
288 1482 460 1570 (lulianus)
490 1484 620 1550 exsiluit
649 1485 818 1566 indecore3
852 1489 886 1550 et
915 1484 971 1567 qui
1002 1490 1088 1550 esset
1109 1485 1228 1553 oblitus

170 1616 362 1681 progressus
382 1597 605 1665 exosculatum
633 1601 884 1683 susceptumque
911 1601 1097 1663 reverenter
1123 1585 1231 1663 secum
1252 1597 1304 1661 in-

172 1709 280 1790 duxit3
374 1711 491 1776 nimius
523 1714 673 1795 captator
701 1710 806 1776 inanis
835 1709 957 1794 gloriae
985 1708 1091 1774 rieus’.
1143 1709 1305 1774 Ammiani

172 1822 273 1906 igitur
305 1823 467 1889 sententia
503 1826 553 1887 est
580 1822 636 1887 illo
664 1827 810 1906 tempore
847 1827 880 1888 et
909 1821 1119 1906 philosophos
1147 1822 1303 1887 maiorem

171 1927 325 2000 habuisse
349 1934 578 2000 auctoritatem
608 1938 641 1999 et
668 1931 829 2000 Iulianum
857 1934 899 2000 iis
925 1933 1043 2000 favisse
1072 1935 1175 2018 magis
1203 1953 1302 2017 qnam

172 2044 311 2112 deceret.
355 2046 476 2112 Tamen
508 2047 538 2111 si
565 2045 638 2130 quis
664 2050 759 2131 putet
782 2047 984 2112 Ammianum
1010 2045 1138 2111 omnino
1159 2045 1302 2131 philoso-

171 2158 253 2243 phos
274 2158 476 2244 vituperasse
498 2163 596 2244 atque
618 2158 807 2244 repudiasse
829 2158 931 2242 (quod
952 2158 1159 2224 Gimszonins
1186 2156 1256 2223 vult
1268 2159 1303 2241 ¹),

173 2270 209 2336 id
233 2270 410 2337 concedere
432 2290 496 2336 non
517 2290 697 2356 possumus.
741 2270 824 2336 Nam
844 2270 917 2355 ipsa
936 2271 1037 2337 rerba
1058 2269 1181 2354 (XXIII
1197 2277 1224 2337 5.
1249 2271 1303 2354 11)

172 2389 318 2467 ‘quorum
340 2383 519 2449 reverenda
539 2388 618 2449 tunc
640 2388 713 2449 erat
727 2382 915 2449 anctoritas'
936 2403 978 2448 ne
992 2383 1156 2448 minimam
1171 2380 1303 2466 quidem

173 2494 433 2580 obiurgationem
447 2496 630 2578 continent;
651 2496 732 2562 nihil
748 2495 836 2561 aliud
853 2494 965 2561 dicunt
979 2500 1078 2579 atque
1091 2494 1171 2561 hoc:
1190 2493 1303 2580 ‘philo-

171 2607 265 2692 sophi
280 2608 336 2691 qui
356 2612 434 2673 tunc
452 2609 525 2692 plus
539 2607 692 2675 velebant
708 2628 805 2691 quam
821 2607 1012 2693 haruspices
1033 2626 1135 2690 eaque
1149 2606 1305 2672 decanea

173 2719 382 2806 haruspicum
404 2721 598 2786 sententiam
619 2719 752 2805 probari
769 2719 943 2805 prohibere
956 2719 1151 2804 potuerunt'.
1197 2719 1303 2804 Atque

172 2852 257 2917 qnae
272 2836 466 2916 sequuntur:
489 2830 1020 2916 ‘errantium-perseverantium
1042 2836 1131 2898 certe
1145 2830 1305 2913 quasdem

172 2944 303 3033 quidem
317 2944 584 3030 philosophorum
606 2945 750 3011 semones
765 2943 961 3029 improbant,
983 2942 1041 3010 sed
1061 2965 1126 3043 non
1141 2945 1303 3010 achonem

172 3077 283 3123 eorum
305 3077 431 3123 omnem
453 3057 582 3124 omnino
605 3062 822 3144 aspernentur
843 3062 901 3123 aut
918 3055 1065 3123 inutilem
1085 3075 1156 3121 esse
1176 3061 1304 3140 putant.

173 3169 354 3235 Adiuvatur
385 3171 467 3236 haee
505 3175 617 3237 nostra
648 3170 756 3255 opinio
792 3169 891 3235 etiam
924 3166 1032 3234 verbis
1060 3187 1144 3252 quae
1172 3168 1207 3234 in
1239 3166 1305 3233 fine

79 3354 88 3377 .
171 3281 328 3347 huiusll
355 3283 648 3369 etin512-14
681 3282 868 3348 invenimus.
919 3281 1002 3347 Nam
1033 3300 1071 3347 eo
1099 3281 1187 3364 ipso,
1217 3280 1306 3363 qnod

171 3393 327 3461 iudicium
356 3393 437 3460 facit
465 3394 506 3461 (le
534 3395 702 3462 sententiis
729 3393 997 3480 philosophorum
1029 3412 1205 3476 eorumque
1235 3392 1304 3476 opi·

171 3506 284 3572 niones
308 3526 380 3573 cum
404 3507 445 3573 iis
461 3527 544 3592 ques
560 3507 750 3592 haruspices
771 3505 979 3592 protulerunt
1001 3510 1170 3588 comparat
1191 3509 1305 3589 aperte

172 3616 268 3684 docet
282 3618 490 3686 Marcellinus
504 3640 544 3686 ex
560 3640 620 3685 sna
637 3619 798 3685 sententia
814 3625 887 3686 ‘non
901 3617 1070 3684 erravisse’
1090 3619 1141 3702 (nt
1154 3616 1255 3702 ipsius
1271 3624 1307 3682 et

170 3730 335 3798 Ciceronis
355 3731 463 3798 verbis
484 3737 624 3812 utemur,
652 3730 691 3798 of.
714 3731 791 3798 XXI
812 3736 839 3797 1.
863 3734 917 3816 14)
946 3730 1171 3816 philosophice
1201 3733 1305 3794 ‘natu-

171 3862 252 3924 rem‚
274 3844 332 3910 sed
353 3845 553 3930 singulorum
570 3844 789 3910 coniecturam
801 3843 1004 3930 peccavisse’.
1048 3844 1163 3927 Ithne
1178 3841 1306 3908 etiamsi

171 3956 330 4022 neminem
352 3976 424 4023 esse
445 3961 608 4041 putamus,
630 3956 686 4039 qui
706 3976 779 4022 eum
800 3955 1030 4042 philosophum
1051 3955 1168 4036 faciat,
1192 3959 1305 4020 'tamen

277 4139 303 4207 l)
321 4155 348 4208 p.
367 4140 415 4193 84:
435 4138 462 4193 ‘il
480 4141 606 4208 proteste
684 4141 781 4192 contre
806 4137 976 4192 l’aseendant
1001 4136 1120 4207 qu'avait
1136 4137 1209 4207 pris,
1236 4136 1306 4192 dans

172 4223 200 4278 la
217 4223 354 4278 direction
372 4225 421 4279 des
438 4222 546 4279 affaires
564 4229 593 4279 et
608 4226 698 4279 meme
716 4222 765 4278 des
783 4229 906 4295 troupes,
924 4224 950 4278 le
969 4240 1111 4293 groupe
1129 4224 1306 4293 ignorant

173 4313 210 4364 e‘t
228 4311 376 4366 obstine
394 4310 443 4365 des
460 4310 599 4381 sophistes
618 4311 666 4380 qui
685 4311 933 4381 accompagneient
948 4309 1056 4364 Iulien’.
