2956 4950
699 393 911 454 -44..

248 558 367 624 Contra
388 557 520 624 fortuna
542 579 625 641 quae
647 564 844 624 memoratur
860 560 952 626 XXII
968 565 1028 626 al
1054 546 1164 643 (‘velut
1178 559 1374 625 mundanam

248 670 476 754 cornucopiam
512 671 656 736 Fortuna
685 671 837 756 gestans’)
865 672 935 737 sine
963 671 1029 737 ullo
1067 671 1165 737 dubio
1198 676 1289 738 vetus
1317 671 1377 737 illa

248 781 310 848 dea
333 787 390 848 est.

350 895 471 959 Tamen
485 894 547 960 hae
563 895 710 960 notiones
728 894 896 961 ‘fortunae’
913 895 1052 961 discerni
1069 901 1221 979 possunt:
1246 897 1277 981 1)
1297 895 1376 961 For-

248 1010 328 1072 tuna
357 1012 407 1072 est
427 1007 488 1083 dea
510 1006 686 1090 quaedam:
719 1007 808 1071 XXV
835 1013 864 1072 4.
889 1011 944 1089 14;
967 1007 1059 1072 XXX
1081 1015 1109 1074 5.
1136 1015 1190 1089 183
1222 1008 1255 1092 2)
1278 1008 1377 1074 huius

248 1117 398 1185 fortunae
419 1119 585 1185 libidines:
608 1119 716 1184 XXXI
731 1125 778 1184 13.
799 1124 854 1200 ¹93
877 1119 909 1204 3)
929 1119 1031 1184 simile
1053 1119 1177 1203 aliquid
1200 1120 1376 1186 ecfatum:

248 1216 391 1313 regimen
414 1252 546 1296 casuum
569 1231 798 1310 humanorum,
824 1231 876 1295 lex
898 1231 1058 1314 quaedam
1079 1232 1180 1297 vitae:
1203 1232 1261 1298 XV
1284 1239 1312 1298 b.
1340 1238 1377 1314 13

248 1343 282 1427 4)
306 1343 418 1408 eadem
438 1343 506 1409 fere
528 1342 660 1408 fortuna
681 1364 720 1408 ac
741 1343 815 1408 fort.
835 1349 863 1424 3,
886 1343 943 1409 sed
968 1343 1139 1426 singularis
1162 1344 1296 1428 singulis
1317 1344 1377 1409 bo·

247 1455 386 1521 minibus
409 1455 500 1520 data:
524 1455 598 1520 XIV
621 1459 668 1520 10.
696 1460 752 1536 16;
776 1456 807 1541 5)
827 1456 903 1536 fors,
926 1476 1035 1521 casus:
1059 1455 1132 1520 XIV
1156 1463 1184 1522 6.
1205 1462 1241 1538 33
1272 1457 1306 1542 6)
1336 1477 1378 1521 ea

248 1588 332 1650 quae
354 1574 429 1633 sunt
450 1567 569 1647 futura,
592 1567 724 1644 incerta,
747 1573 898 1633 ventura:
922 1568 1030 1632 XXXI
1048 1573 1095 1634 10.
1114 1573 1148 1649 73
1173 1570 1205 1652 7)
1229 1588 1376 1651 eaquae

247 1699 401 1762 prospere
416 1680 582 1745 eveniunt:
606 1679 713 1744 XVIII
731 1684 777 1745 10.
794 1685 830 1760 4;
851 1683 885 1764 8)
908 1701 947 1772 θθ
968 1701 1052 1764 quae
1068 1679 1161 1745 nobis
1184 1680 1261 1745 data
1283 1685 1376 1746 sunt:

249 1811 276 1856 a.
304 1790 394 1856 locus
424 1798 521 1875 atque
551 1791 631 1856 ordo
659 1797 769 1857 noster
796 1791 857 1856 XX
887 1797 915 1857 8.
942 1797 996 1873 113
1029 1792 1059 1859 b.
1087 1792 1234 1858 condicio
1263 1798 1377 1858 nostra

248 1903 371 1968 XXVII
393 1909 441 1969 12.
466 1909 501 1985 73
530 1925 556 1968 c.
579 1924 658 1987 opes
686 1909 784 1987 atque
811 1909 956 1987 potestas
983 1904 1058 1970 XVI
1081 1909 1130 1969 12.
1154 1910 1210 1986 593
1243 1905 1273 1969 d.
1296 1905 1377 1970 divi·

248 2016 315 2080 tiae
336 2015 429 2080 XXX
452 2021 481 2082 4.
503 2020 552 2080 21.
575 2052 619 2063 -

350 2128 421 2193 Hoc
448 2128 520 2193 loco
550 2148 590 2192 ea
619 2127 767 2212 quaestio
795 2126 888 2193 nobis
916 2127 1090 2194 tractanda
1113 2133 1178 2207 est,
1216 2133 1377 2211 quatenus

248 2239 380 2305 fortuna
400 2240 568 2305 Ammiano
597 2240 668 2322 dea,
694 2241 760 2305 sive
788 2260 928 2324 persona
958 2239 1118 2322 quaedam
1138 2240 1248 2306 divina
1269 2240 1376 2306 fuerit.

249 2351 394 2418 Goluitne
425 2358 566 2418 veterem
591 2351 680 2417 illam
709 2351 827 2418 deam?
871 2351 1195 2417 Commemoravimus
1231 2352 1296 2416 iam
1329 2354 1378 2418 lo·

250 2485 338 2544 cum,
364 2463 404 2529 de
424 2485 488 2547 quo
510 2463 654 2529 dubitari
682 2484 745 2529 non
778 2469 887 2547 potest
908 2463 1001 2529 XXII
1022 2470 1050 2543 9,
1076 2469 1090 2528 l
1125 2464 1222 2529 ‘velut
1242 2464 1378 2530 munda-

248 2596 324 2641 nam
346 2577 573 2660 cornucopiam
595 2576 739 2642 Fortuna
767 2576 923 2660 gestans'3
941 2575 1037 2643 simil.
1060 2575 1166 2642 XXVI
1181 2583 1210 2642 8.
1237 2581 1273 2641 13
1296 2577 1378 2659 ‘qui-

167 2759 169 2763 ,
249 2688 296 2753 vis
318 2688 435 2754 beatus
465 2709 560 2754 versa
586 2693 659 2754 rota
689 2687 852 2754 Fortunae
880 2692 956 2753 ante
978 2708 1147 2771 vesperum
1175 2693 1379 2772 potestesse

250 2800 473 2880 miserrimus’3
502 2800 609 2866 XXXI
635 2805 661 2864 1.
689 2806 703 2865 l
742 2799 914 2866 ‘Fortunae
949 2800 1088 2866 volucris
1117 2804 1207 2879 rota,
1240 2799 1380 2867 adversa

250 2933 376 2997 semper
390 2913 555 2996 prosperis
568 2912 742 2991 alternans,
756 2912 923 2978 Bellonam
946 2962 993 2978 ...
1017 2911 1168 2977 armabat
1189 2911 1263 2994 ...’;
1284 2912 1376 2977 XXV

249 3030 278 3090 4.
304 3031 359 3090 14:
382 3025 570 3091 ‘cervicibus
591 3024 754 3091 Fortunae
847 3025 1000 3107 evectus’;
1025 3023 1146 3088 XXVII
1169 3029 1217 3088 11.
1238 3027 1256 3087 2
1281 3023 1378 3090 ‘hunc

251 3136 344 3219 quasi
365 3138 543 3221 genuina
565 3137 724 3220 quaedam
746 3135 943 3217 Fortuna,
972 3141 1009 3202 ut
1029 3136 1155 3220 fingunt
1175 3141 1301 3219 poetae,
1323 3157 1380 3202 ve·

249 3248 329 3314 bens
350 3249 560 3333 praepetibus
581 3249 687 3333 pinnis
717 3269 800 3314 nunc
826 3247 1005 3314 beneficum
1035 3247 1295 3314 ostendebat
1318 3248 1380 3315 ali·

250 3362 399 3445 quotiens
420 3411 447 3426 ..
462 3361 489 3426 .’.

352 3472 494 3539 Dubium
516 3494 581 3538 non
603 3477 670 3538 est:
691 3472 770 3537 dicit
784 3476 925 3537 veterem
942 3472 1035 3537 deam
1052 3472 1238 3537 Fortunam.
1281 3472 1379 3554 Dicit,

250 3606 338 3652 sane.
382 3585 446 3651 Sed
467 3606 544 3650 num
566 3585 743 3651 Fortunam
765 3603 835 3650 esse
852 3584 945 3649 deam
963 3584 1087 3650 credit?
1113 3622 1149 3633 -
1174 3583 1248 3650 Noli
1269 3585 1379 3668 negle-

251 3719 327 3783 gere
342 3698 564 3764 adiunctiones
578 3697 668 3763 illas:
689 3697 793 3762 ‘velut'
807 3734 846 3744 -
860 3696 971 3779 ‘quasi’
989 3735 1024 3744 -
1038 3702 1084 3762 ‘ut
1097 3696 1223 3780 fingunt
1238 3699 1379 3780 poetae'3

251 3811 468 3894 contemplare
491 3810 603 3875 modos
624 3810 817 3893 imaginum:
849 3814 964 3888 rotam,
985 3809 1109 3892 pinnas,
1132 3809 1378 3894 cornucopiam

249 3923 489 4006 imaginnmque
512 3921 731 3987 confusiones:
763 3925 845 3985 ‘rota
944 3920 1101 3985 armabat'
1129 3919 1183 4005 (cf.
1206 3943 1230 3986 θ.
1251 3943 1282 4005 p.
1306 3922 1380 4007 42);

251 4033 424 4100 recordare
443 4054 526 4119 quae
547 4034 611 4098 iam
627 4034 855 4116 comperimus:
878 4033 1080 4097 Ammianum
1094 4037 1265 4115 poetarum
1284 4054 1380 4098 usum

250 4146 403 4230 loquendi
423 4145 561 4211 imitari:
585 4183 625 4193 —
648 4167 725 4210 num
738 4144 867 4211 dubitas
883 4145 960 4227 quin
977 4165 1086 4211 omnes
1107 4143 1183 4210 illae
1200 4146 1381 4211 sententiae

252 4259 317 4328 sint
337 4257 461 4345 figurae
483 4262 610 4326 tantum
632 4256 769 4338 dicendi,
791 4278 811 4322 a
831 4258 936 4342 poetis
958 4256 1121 4322 veteribus
1142 4256 1316 4342 receptae?
