2956 4950
582 434 796 496 ,59-

122 613 171 672 tes
196 605 356 690 quaedam
376 606 462 669 inter
483 624 601 668 numen
624 608 657 668 et
679 603 825 668 homines
846 601 988 682 mediae,
1016 623 1100 687 quae
1122 603 1255 687 singulis
1292 637 1294 641 ⁴

38 719 40 722 ’
88 771 90 775 ,
123 720 295 784 adiunctae
327 715 445 781 adsunt
475 721 508 781 et
532 699 672 800 'prosunt
705 713 913 800 produntque
941 710 1105 780 interdum
1120 715 1256 780 'futura

224 829 385 912 Prodigiis
408 833 441 893 et
463 828 606 945 angulanis
627 827 675 892 ita
702 831 751 892 est
773 826 918 906 deditus,
951 831 989 891 ut
1009 826 1078 893 fere
1101 827 1256 911 supersti-

122 944 224 1008 tiosus
246 941 405 1006 nominari
422 940 533 1024 possit.
577 939 625 1004 De
647 939 843 1004 divinatione
865 938 936 1025 ipse
952 938 1126 1019 doctrinas,
1146 934 1257 1005 tamen

122 1054 211 1119 haud
233 1055 280 1118 ita
301 1053 500 1138 perspicuas,
524 1051 642 1134 prodit.
687 1050 787 1134 Signa
808 1051 992 1116 hominibus
1012 1073 1032 1117 a
1053 1051 1183 1116 numine
1204 1051 1257 1116 vel

125 1188 144 1230 a
167 1153 268 1249 geniis
292 1164 514 1230 ostenduntur.
1012 1243 1015 1251 Ι

225 1277 267 1341 Et
298 1298 357 1360 par
384 1276 488 1342 fatum
517 1276 759 1359 fortunamque>
775 1281 807 1340 et
828 1297 887 1360 per
909 1276 1068 1362 rationem
1091 1275 1257 1340 virtutem-

123 1410 185 1471 que
208 1410 259 1454 res
280 1389 441 1454 humanae
463 1387 623 1453 accidunt.
668 1387 732 1453 Sed
755 1388 824 1453 fato
849 1388 906 1453 uni
929 1394 1019 1453 certa
1040 1387 1256 1471 regendorum

122 1500 287 1564 hominum
306 1490 453 1583 potentia
475 1501 609 1584 propria
637 1506 695 1565 est.
740 1501 789 1564 Ex
817 1500 911 1565 fatali
942 1499 1054 1565 ordine
1083 1505 1116 1565 et
1136 1499 1258 1563 vitaet

122 1632 209 1676 mors
226 1612 424 1694 singulorum
445 1612 657 1692 destinantur,
680 1633 878 1696 quamquam
899 1633 964 1677 non
984 1613 1041 1692 ita,
1063 1617 1100 1676 ut
1121 1611 1257 1676 homini·

123 1725 184 1789 bus
206 1723 344 1788 liberum
367 1723 538 1788 arbitrium
560 1745 625 1789 non
647 1725 698 1789 sit.
789 1750 794 1756 ·

226 1834 374 1899 Numinis
387 1836 489 1918 igitur
505 1841 538 1900 et
553 1835 614 1922 fati
627 1838 773 1920 regimen
788 1837 898 1902 mundi
921 1842 987 1917 est3
1010 1836 1106 1902 ambo
1122 1838 1207 1902 iuste
1225 1841 1258 1901 et

126 1946 263 2029 benigne
289 1951 392 2011 sortes
413 1946 579 2013 homiuum
602 1954 728 2031 regunt.
772 1949 887 2032 Itaque
913 1949 1125 2014 etiamsinon
1149 1953 1258 2014 certae

125 2058 295 2123 cuiusdam
324 2058 490 2141 religionis
519 2059 683 2124 doctrinas
720 2061 863 2144 accepit,
902 2062 974 2145 pius
1012 2066 1121 2126 tamen
1158 2067 1257 2143 atque

125 2169 296 2252 religiosus
320 2176 369 2234 est
391 2170 579 2236 Ammianus
601 2171 819 2237 Marcellinus.

191 2301 193 2306 ·
228 2281 461 2365 Corrigendum
488 2288 597 2348 autem
620 2291 670 2348 est
692 2284 779 2366 quod
801 2283 976 2349 Teuffelius
996 2285 1047 2349 vel
1071 2283 1258 2350 Schwabius

125 2393 220 2457 dicit:
252 2394 410 2457 ‘Ammian
440 2394 484 2459 ist
514 2395 758 2460 entschiedener
786 2395 983 2480 Polytheist’.
1042 2398 1076 2463 Si
1105 2397 1195 2462 bravi
1225 2401 1258 2460 et

124 2526 188 2569 uno
222 2506 291 2569 eius
326 2504 414 2569 modi
452 2506 550 2571 verbo
586 2506 775 2590 religionem
812 2509 881 2572 eius
911 2510 1076 2574 nominare
1112 2514 1258 2587 conatur,

126 2615 283 2680 adhibeat
305 2617 499 2682 senteutiam
522 2618 684 2701 quandam
707 2639 772 2701 qua
792 2642 823 2704 p.
848 2625 929 2686 1087
953 2622 1069 2702 utitur3
1101 2626 1151 2685 est
1173 2620 1257 2684 enim

61 2708 63 2712 ⁸
127 2747 166 2791 ea
189 2728 363 2792 ‘neutraler
386 2729 660 2797 Monotheismus’.
