2956 4950
633 363 847 484 413.-

175 609 290 674 soopos
319 590 462 656 urbanos
492 591 677 672 cavillatur,
702 596 812 658 tamen
838 591 1056 676 pulcherrima
1085 592 1181 659 laude
1209 589 1303 659 effert

175 702 273 768 alios:
301 702 423 768 XXVII
453 709 480 768 3.
513 707 568 768 15:
599 704 664 786 ‘qui
693 704 784 789 (mali
815 704 863 770 illi
893 703 1023 789 urbani)
1053 726 1123 770 esse
1152 710 1314 789 poterant*

174 815 263 881 beati
284 835 320 880 re
343 835 435 895 vera,
466 814 494 879 si
592 815 635 881 ad
663 815 875 882 imitationem
897 817 1079 882 antistitum
1101 817 1303 900 quorundam

174 926 420 1010 provincialium
441 927 593 1008 viverent,
616 949 696 1012 quos
718 929 859 995 tenuitas
882 927 997 994 edendi
1013 929 1212 1014 potandique
1228 951 1303 1015 par-

175 1039 318 1119 cissime,
356 1039 464 1104 vilitas
496 1040 593 1104 etiam
615 1039 876 1106 indumentorum
905 1046 937 1106 et
966 1040 1139 1125 supercilia
1170 1041 1301 1107 humum

175 1151 357 1236 spectantia
377 1157 534 1236 perpetuo
550 1151 672 1217 numini
694 1153 842 1235 verisque
865 1153 934 1218 eius
951 1152 1129 1218 cultoribus
1152 1159 1189 1218 ut
1204 1173 1303 1237 puros

175 1263 401 1328 commendant
430 1268 463 1328 et
492 1263 708 1329 verecundos'.
753 1265 836 1344 Quin
866 1265 964 1329 etiam
994 1287 1070 1331 num
1096 1266 1170 1348 quis
1196 1270 1304 1352 potest

174 1374 319 1440 iudicare
340 1374 507 1460 pulchrius
529 1375 569 1440 de
589 1396 721 1441 munere
745 1367 977 1461 episcoporum,
1001 1397 1098 1460 quam
1116 1372 1303 1445 Ammianus

175 1486 286 1552 eodem
306 1486 388 1568 loco,
411 1509 474 1571 quo
498 1487 538 1552 de
560 1502 622 1553 uno
643 1508 683 1553 ex
705 1489 745 1553 iis
767 1489 930 1572 queritur:
952 1488 1013 1553 XX
1031 1495 1079 1554 11.
1103 1497 1138 1554 5:
1168 1487 1302 1573 ‘profes-

175 1599 273 1665 sionis
295 1621 373 1665 suae
392 1601 449 1685 (se.
472 1600 692 1686 episcopatus)
715 1601 844 1681 oblitus,
876 1621 959 1686 quae
987 1600 1067 1666 nihil
1097 1601 1160 1666 nisi
1181 1601 1302 1666 iustum

179 1711 295 1777 suadet
315 1717 349 1776 et
371 1711 474 1777 lene’?

277 1823 352 1888 Sine
373 1824 424 1890 ira
446 1830 479 1889 et
507 1825 615 1891 studio
643 1825 835 1910 parimodo
863 1829 976 1891 narrat
1003 1825 1170 1890 Iovianum
1202 1825 1301 1891 ‘Chri-

175 1936 299 2001 stianae
320 1935 401 2020 legis
421 1936 601 2002 studiosum
631 1942 663 2002 et
691 1958 930 2021 nonnumquam
958 1935 1178 2003 honorificum’
1203 1936 1302 2003 fuisse

174 2049 278 2132 (XXV
302 2053 350 2114 10.
376 2049 429 2133 15)
451 2069 490 2114 ac
511 2048 670 2114 Iulianum
694 2049 804 2114 ‘cultui
827 2048 1003 2114 christiano
1018 2048 1206 2115 adhaerere'
1228 2055 1301 2115 tan·

174 2166 243 2225 tum
270 2159 400 2226 finxisse
433 2161 524 2246 (XXI
555 2166 582 2226 2.
606 2163 649 2246 4).
697 2161 772 2227 Pari
800 2161 965 2244 aequitate
997 2161 1179 2228 ‘tumultum
1207 2183 1303 2246 quem

175 2271 429 2339 Christianorum
450 2274 557 2356 iurgia
579 2273 790 2338 concitarunt'
813 2279 1042 2338 commemorat
1064 2274 1200 2358 (XXVII
1222 2280 1250 2340 9.
1268 2276 1302 2359 9)

175 2405 213 2450 ac
233 2383 348 2450 laudat
371 2385 543 2469 Saporem,
566 2385 654 2470 quod
674 2385 822 2469 ‘virgines
844 2384 1020 2450 christiano
1043 2385 1109 2450 ritu
1131 2385 1232 2451 cultui
1255 2385 1303 2451 di·

175 2497 247 2562 vino
270 2502 416 2563 sacratas
438 2499 534 2582 (quas
555 2498 590 2562 in
612 2496 745 2562 castello
775 2501 958 2582 expugnato
994 2497 1175 2583 invenerat)
1197 2504 1303 2564 custo·

175 2608 238 2673 diri
267 2609 408 2675 intactas
437 2615 470 2674 et
499 2608 646 2693 religioni
674 2609 795 2675 servire
823 2609 998 2694 praecepit'
1029 2609 1150 2696 (XVIII
1182 2616 1229 2677 10.
1259 2612 1303 2695 4).

176 2720 247 2786 Alio
277 2719 417 2804 quodam
446 2721 517 2787 loeo
546 2720 653 2807 (XXII
684 2726 731 2786 13.
754 2725 773 2786 2
797 2726 830 2786 et
854 2722 902 2807 3),
939 2721 996 2786 ubi
1026 2722 1060 2787 in
1091 2727 1215 2787 certum
1244 2727 1303 2802 est,

175 2839 283 2898 utrum
306 2833 474 2899 christiani
495 2833 662 2900 ‘stimulati
682 2833 812 2899 inridia’
835 2835 866 2920 (ᾗ
880 2833 913 2916 2)
935 2854 977 2899 an
998 2833 1210 2919 philosophus
1232 2835 1302 2917 qui·

175 2944 249 3009 dam
271 2944 479 3030 Asclepiades
501 2945 637 3011 ‘inritus’
660 2946 692 3032 (ᾖ
709 2946 741 3029 3)
763 2945 919 3029 templum
941 2944 1098 3030 Apollinis
1120 2945 1301 3012 inflamma·

174 3057 294 3136 verint,
324 3056 394 3142 ipse
423 3058 563 3142 scriptor
589 3057 744 3123 iudicium
771 3056 950 3137 neelami,
980 3057 1037 3123 sed
1058 3079 1127 3123 rem
1148 3059 1182 3122 in
1205 3058 1303 3124 dubio

174 3168 337 3253 relinquit.
385 3168 444 3236 XX
469 3177 497 3235 7.
521 3177 539 3237 9
568 3176 677 3235 autem
709 3169 830 3235 crimen
859 3170 1011 3255 episcopo
1040 3170 1138 3235 elicui
1166 3169 1304 3235 inditum

174 3280 318 3366 repellit:
339 3282 538 3366 ‘perstrinxit
554 3288 662 3348 tamen
677 3283 817 3368 suspicio
835 3303 919 3349 vana
932 3282 1092 3367 quaedam
1107 3282 1304 3367 episcopum,

174 3398 211 3458 ut
232 3393 347 3478 opinor
368 3394 433 3459 ...’.

277 3505 361 3584 Quin
391 3506 489 3572 etiam
517 3507 682 3592 religionis
711 3507 923 3588 christianae,
955 3505 1012 3574 ubi
1042 3506 1162 3573 iniuris
1193 3506 1235 3572 ab
1265 3527 1304 3573 ea

175 3616 377 3683 defendenda
396 3617 582 3698 videbatur,
604 3601 753 3686 defensor
773 3619 898 3686 exstitit
917 3619 1103 3685 acerrimus.
1147 3618 1231 3684 Nam
1252 3618 1304 3684 bis

174 3729 287 3795 iisdem
310 3729 378 3795 fere
400 3729 507 3795 verbis
526 3730 695 3811 Iulianum,
718 3732 808 3797 cuius
830 3752 851 3797 a
871 3735 966 3816 parte
982 3731 1111 3796 stetisse
1133 3751 1207 3796 eum
1229 3751 1303 3796 oon·

174 3845 249 3922 stat,
273 3841 441 3925 obiurgat:
462 3841 555 3908 XXII
571 3848 619 3909 10.
643 3849 661 3908 7
685 3849 718 3909 et
739 3842 829 3908 XXV
846 3848 875 3908 4.
899 3847 956 3910 20:
990 3843 1079 3909 ‘illud
1102 3847 1209 3909 autem
1232 3848 1305 3909 erat

173 3951 357 4034 inclemens,
380 3950 581 4021 obruendum
603 3955 739 4040 perenni
761 3954 899 4036 silentio,
921 3954 1008 4038 quod
1031 3955 1166 4021 arcebat
1187 3954 1303 4021 docere

174 4066 346 4149 magistros
358 4065 539 4133 rhetoricos
560 4073 594 4132 et
607 4067 835 4151 grammaticos
856 4067 939 4133 ritus
957 4067 1125 4133 christiani
1139 4067 1301 4148 cultores'3

175 4183 221 4242 et:
243 4183 260 4242 ⁶.
273 4227 300 4244 ..
322 4183 453 4262 praeter
475 4199 596 4263 penca:
618 4178 704 4245 inter
721 4200 805 4263 quae
827 4186 899 4245 erat
912 4178 992 4245 illud
1012 4180 1195 4261 inclemens,
1216 4178 1302 4263 quod
